%% Remarques VCN
% Warning when copy-paste with bad encoding
% Double { } around titles
% Respect the same type order
% Do not show first names
% Name-coding examples 
% abdallah_lataniotis_PEM_2017

%======================== PAPERS EFI ========================%
@article{fekhari_DCE_2023,
    title = {{Given-data probabilistic fatigue assessment for offshore wind turbines using Bayesian quadrature}},
    author = {Fekhari, E. and Chabridon, V. and Mur\'e, J. and Iooss, B.},
    journal = {Data Centric Engineering},
    pages = {In press},
    year = {2024},
}

@inproceedings{fekhari_ICASP_2023,
    title = {{Bernstein adaptive nonparametric conditional sampling: a new method for rare event probability estimation}},
    author = {Fekhari, E. and Chabridon, V. and Mur\'e, J. and Iooss, B.},
    booktitle={14th International Conference on Applications of Statistics and Probability in Civil Engineering (ICASP14)},
    year = {2023},
}

@inproceedings{lovera_fekhari_2023,
  title={{Quantifying and clustering the wake-induced perturbations within a wind farm for load analysis}},
  author={Lovera, A. and Fekhari, E. and J{\'e}z{\'e}quel, B. and Dupoiron, M. and Guiton, M. and Ardillon, E.},
  booktitle={Journal of Physics: Conference Series},
  volume={2505},
  pages={012011},
  year={2023},
  organization={IOP Publishing}
}

@inproceedings{vanem_fekhari_2023,
  title={{A joint probability distribution model for multivariate wind and wave conditions}},
  author={Vanem, E. and Fekhari, E. and Dimitrov, N. and Kelly, M. and Cousin, A. and Guiton, M.},
  booktitle={International Conference on Offshore Mechanics and Arctic Engineering},
  volume={86847},
  pages={V002T02A013},
  year={2023},
  organization={American Society of Mechanical Engineers}
}

@unpublished{vanem_fekhari_2024,
  title={{A simulation study on the usefulness of the Bernstein copula for statistical modeling of metocean variables}},
  author={Vanem, E. and Lande, \O{}. and Fekhari, E.},
  note={International Conference on Offshore Mechanics and Arctic Engineering (to appear)},
  year={2024},
}

@inproceedings{fekhari_iooss_2023,
    title = {{Model predictivity assessment: incremental test-set selection and accuracy evaluation}},
    author = {E. Fekhari and B. Iooss and J. Mur\'e and L. Pronzato and J. Rendas},
    publisher = {Springer},
    editor= {Salvati, N. and Perna, C. and Marchetti, S. and Chambers, R.},
    booktitle = {Studies in Theoretical and Applied Statistics},
    year = {2023},
    pages={315--347},
}

@inproceedings{fekhari_renew_2022,
    title = {{Efficient techniques for fast uncertainty propagation in an offshore wind turbine multi-physics simulation tool}},
    author = {Fekhari, E. and Iooss, B. and Chabridon, V. and {Mur\'{e}}, J.},
    year = {2022},
    booktitle = {Proceedings of the 5th International Conference on Renewable Energies Offshore},
    pages = {837--846},
}

@inproceedings{fekhari_baudin_2021,
    title = {{otbenchmark: an open source Python package for benchmarking and validating uncertainty quantification algorithms}},
    author = {Fekhari, E. and Baudin, M. and Chabridon, V. and Jebroun, Y.},
    year = {2021},
    pages = {218 -- 231},
    booktitle={Proceedings of the 4\textsuperscript{th} International Conference on Uncertainty Quantification in Computational Sciences and Engineering},
}


%============================================================%
%============================================================%
%=========== DESIGN OF EXPERIMENTS & QUADRATURE =============%
%============================================================%
%============================================================%

%%------------------------ PAPERS --------------------------%%
@article{damblin_couplet_2013,
    author = {Damblin, G. and Couplet, M. and Iooss, B.},
    year = {2013},
    title = {{Numerical studies of space-filling designs: Optimization of Latin Hypercube Samples and subprojection properties}},
    volume={7},
    number={4},
    pages={276--289},
    journal = {Journal of Simulation},
}

@article{cannamela_2008_LHS_quantile,
author = {C. Cannamela and J. Garnier and B. Iooss},
title = {{Controlled stratification for quantile estimation}},
journal = {The Annals of Applied Statistics},
volume = {2},
number = {4},
pages = {1554 -- 1580},
publisher = {Institute of Mathematical Statistics},
year = {2008},
}

@article{clenshaw_1960,
  title={{A method for numerical integration on an automatic computer}},
  author={Clenshaw, C.W. and Curtis, A.R.},
  journal={Numerische Mathematik},
  volume={2},
  pages={197--205},
  year={1960},
}

@article{fejer_1933,
  title={{On the infinite sequences arising in the theories of harmonic analysis, of interpolation, and of mechanical quadratures}},
  author={F{\'e}jer, L.},
  journal={Bulletin of the American Mathematical Society},
  volume={39},
  number={8},
  pages={521--534},
  year={1933}
}

@unpublished{gobet_2022,
  title={{Mean estimation for Randomized Quasi Monte Carlo method}},
  author={Gobet, E. and Lerasle, M. and M{\'e}tivier, D.},
  year={2022},
  note={hal-03631879v3}
}

@article{giles_2008,
author = {M.B. Giles},
year = {2008},
pages = {607--617},
title = {{Multilevel Monte Carlo Path Simulation}},
volume = {56},
journal = {Operations Research},
}

@article{hickernell_1998,
  title={{A generalized discrepancy and quadrature error bound}},
  author={Hickernell, F.},
  journal={Mathematics of Computation},
  volume={67},
  number={221},
  pages={299--322},
  year={1998}
}

@article{hickernell_2020,
  title={{Is a transformed low discrepancy design also low discrepancy?}},
  author={Li, Y. and Kang, L. and Hickernell, F.J},
  journal={Contemporary Experimental Design, Multivariate Analysis and Data Mining: Festschrift in Honour of Professor Kai-Tai Fang},
  pages={69--92},
  year={2020},
  publisher={Springer}
}

@article{joseph_gul_2015,
    author = {Joseph, V.R. and Gul, E. and Ba, S.},
    year = {2015},
    title = {{Maximum projection designs for computer experiments}},
    volume={102},
    number={2},
    pages={371--380},
    journal = {Biometrika},
}

@article{kucherenko_feil_2011,
    author = {Kucherenko, S. and Feil, B. and Shah, N. and Mauntz, W.},
    year = {2011},
    title = {{The identification of model effective dimensions using global sensitivity analysis}},
    volume = {96},
    pages = {440--449},
    journal = {Reliability Engineering and System Safety},
}

@article{laurie_1997,
  title={{Calculation of Gauss-Kronrod quadrature rules}},
  author={Laurie, D.},
  journal={Mathematics of Computation},
  volume={66},
  number={219},
  pages={1133--1145},
  year={1997}
}

@InProceedings{lecuyer_2018,
author={L'Ecuyer, P.},
title={{Randomized Quasi-Monte Carlo: An Introduction for Practitioners}},
booktitle={Monte Carlo and Quasi-Monte Carlo Methods},
year={2018},
publisher={Springer International Publishing},
address={Cham},
pages={29--52},
}

@article{morokoff_1995,
    title = {{Quasi-Monte Carlo Integration}},
    journal = {Journal of Computational Physics},
    volume = {122},
    number = {2},
    pages = {218--230},
    year = {1995},
    author = {William J. Morokoff and Russel E. Caflisch},
}

@article{mckay_beckman_1979,
    author = {Mckay, M. and Beckman, R. and Conover, W.},
    year = {1979},
    month = {05},
    pages = {239 -- 245},
    title = {{A Comparison of Three Methods for Selecting Vales of Input Variables in the Analysis of Output From a Computer Code}},
    volume = {21},
    journal = {Technometrics},
}

@article{owen_1992_tcl_lhs,
  title={{A central limit theorem for Latin hypercube sampling}},
  author={Owen, A.B.},
  journal={Journal of the Royal Statistical Society: Series B (Methodological)},
  volume={54},
  number={2},
  pages={541--551},
  year={1992},
}


@article{owen_2003,
    author = {Owen, A.B.},
    year = {2003},
    pages = {1--17},
    title = {{The dimension distribution and quadrature test functions}},
    volume = {13},
    journal = {Statistica Sinica}
}

@article{pronzato_2012,
  title={{Design of computer experiments: space filling and beyond}},
  author={Pronzato, L. and M{\"u}ller, W.G.},
  journal={Statistics and Computing},
  volume={22},
  pages={681--701},
  year={2012},
  publisher={Springer}
}

@article{sun_2019,
author = {F. Sun and Y. Wang and H. Xu},
title = {{Uniform projection designs}},
volume = {47},
journal = {The Annals of Statistics},
pages = {641 -- 661},
year = {2019},
}

@article{stein_1987_lhs,
  title={{Large sample properties of simulations using Latin hypercube sampling}},
  author={Stein, M.},
  journal={Technometrics},
  volume={29},
  number={2},
  pages={143--151},
  year={1987},
}

@article{torossian_picheny_2020,
    author = {L. Torossian and V. Picheny and R. Faivre and A. Garivier},
    year = {2020},
    volume = {201},
    number = {106858},
    title = {{A review on quantile regression for stochastic computer experiments}},
    journal = {Reliab. Eng. Syst. Saf.}
}

@article{trefethen_2008,
  title={{Is Gauss quadrature better than Clenshaw--Curtis?}},
  author={Trefethen, L.N.},
  journal={SIAM Review},
  volume={50},
  number={1},
  pages={67--87},
  year={2008},
  publisher={SIAM}
}

@inproceedings{tuffin_2019,
    title={{Randomized quasi-Monte Carlo for quantile estimation}},
    author={Kaplan, Z.T. and Li, Y. and Nakayama, M.K. and Tuffin, B.},
    booktitle={2019 Winter Simulation Conference (WSC)},
    pages={428--439},
    year={2019},
}

@incollection{warnock_1972,
  title={{Computational investigations of low-discrepancy point sets}},
  author={Warnock, T.T.},
  booktitle={Applications of Number Theory to Numerical Analysis},
  pages={319--343},
  year={1972},
  publisher={Elsevier}
}



%%--------------- BOOKS - REPORTS - THESIS -----------------%%
@phdthesis{abtini_2018,
  title = {{Plans pr{\'e}dictifs {\`a} taille fixe et s{\'e}quentiels pour le krigeage}},
  author = {Abtini, M.},
  school = {{Ecole Centrale Lyon}},
  year = {2018},
}

@book{dick_2010_digital_nets,
  title={{Digital nets and sequences: discrepancy theory and quasi--Monte Carlo integration}},
  author={Dick, J. and Pillichshammer, F.},
  year={2010},
  publisher={Cambridge University Press}
}


@phdthesis{franco_2008,
    author       = {Franco, J.}, 
    title        = {{Planification d'exp\'{e}riences num\'{e}riques en phase exploratoire pour la simulation des ph\'{e}nomènes complexes}},
    school       = {Ecole Nationale Sup\'{e}rieure des Mines de Saint-Etienne},
    year         = {2008},
}

@book{fang_li_2006,
    author             = {K-T. Fang and R. Li and A. Sudjianto},
    publisher          = {Chapman \& Hall/CRC},
    title              = {{Design and Modeling for Computer Experiments}},
    year               = {2006}
}

@book{fang_liu_2018,
  title={{Theory and Application of Uniform Experimental Designs}},
  author={Fang, K. and Liu, M-Q and Qin, H. and Zhou, Y-D},
  volume={221},
  year={2018},
  publisher={Springer}
}

@book{leobacher_2014,
  title={{Introduction to Quasi-Monte Carlo Integration and Applications}},
  author={Leobacher, G. and Pillichshammer, F.},
  year={2014},
  publisher={Springer}
}

@unpublished{owen_2013,
   author = {A.B. Owen},
   year = {2013},
   title = {{Monte Carlo theory, methods and examples}},
   note={Stanford University}
}


%============================================================%
%============================================================%
%================= RELIABILITY ANALYSIS =====================%
%============================================================%
%============================================================%

%%------------------------ PAPERS --------------------------%%
@inproceedings{abdo_rack_1991,
  title={{A new beta-point algorithm for large time-invariant and time-variant reliability problems}},
  author={Abdo, T. and Rackwitz, R.},
  booktitle={Reliability and Optimization of Structural Systems’ 90: Proceedings of the 3rd IFIP WG 7.5 Conference},
  pages={1--12},
  year={1991},
}

@article{ajenjo_2022_structural_safety,
  title={{An info-gap framework for robustness assessment of epistemic uncertainty models in hybrid structural reliability analysis}},
  author={Ajenjo, A. and Ardillon, E. and Chabridon, V. and Iooss, B. and Cogan, S. and Sadoulet-Reboul, E.},
  journal={Structural Safety},
  volume={96},
  pages={102196},
  year={2022},
}

@article{andrieu_2004_phi2,
  title={{The PHI2 method: a way to compute time-variant reliability}},
  author={Andrieu-Renaud, C. and Sudret, B. and Lemaire, M.},
  journal={Reliability Engineering and System Safety},
  volume={84},
  number={1},
  pages={75--86},
  year={2004},
}

@article{ang_1992_nis,
  title={{Optimal importance-sampling density estimator}},
  author={Ang, G.L. and Ang, A. H-S and Tang, W.H.},
  journal={Journal of Engineering Mechanics},
  volume={118},
  number={6},
  pages={1146--1163},
  year={1992},
}

@article{AuBeck2001,
	author = {Au, S.-K. and Beck, J. L.},
	year = {2001},
	title = {{Estimation of small failure probabilities in high dimensions by subset simulation}},
	journal = {Probabilistic Engineering Mechanics},
	volume = {16},
	number = {4},
	pages = {263--277}
}

@article{bect_ginsbourger_2012,
    author = {Bect, J. and Ginsbourger, D. and Li, L. and Picheny, V. and Vazquez, E.},
    year = {2012},
    pages = {773--793},
    volume={22},
    title = {{Sequential design of computer experiments for the estimation of a probability of failure}},
    journal = {Statistics and Computing}
}

@article{bect_ginsbourger_2019,
author = {Bect, J. and Bachoc, F. and Ginsbourger, D. },
title = {{A supermartingale approach to Gaussian process based sequential design of experiments}},
volume = {25},
journal = {Bernoulli},
number = {4A},
pages = {2883--2919},
year = {2019},
}

@article{bucher_1988_AIS,
  title={{Adaptive sampling—an iterative fast Monte Carlo procedure}},
  author={Bucher, C.G.},
  journal={Structural Safety},
  volume={5},
  number={2},
  pages={119--126},
  year={1988},
}

@article{bugallo_2017_AIS_review,
  title={Adaptive importance sampling: The past, the present, and the future},
  author={Bugallo, M.F. and Elvira, V. and Martino, L. and Luengo, D. and Miguez, J. and Djuric, P.M.},
  journal={IEEE Signal Processing Magazine},
  volume={34},
  number={4},
  pages={60--79},
  year={2017},
}

@article{bjerager_1988_directional_sampling,
  title={{Probability integration by directional simulation}},
  author={Bjerager, P.},
  journal={Journal of Engineering Mechanics},
  volume={114},
  number={8},
  pages={1285--1302},
  year={1988},
}

@article{cerou_2019_sequentialMC,
    author = {C{\'e}rou, F. and Guyader, A. and Rousset, M.},
    title = {{Adaptive multilevel splitting: Historical perspective and recent results}},
    journal = {Chaos: An Interdisciplinary Journal of Nonlinear Science},
    volume = {29},
    number = {4},
    pages = {043108},
    year = {2019},
}

@article{cerou2012sequential,
    title={{Sequential Monte Carlo for rare event estimation}},
    author={C{\'e}rou, F. and Del Moral, P. and Furon, T. and Guyader, A.},
    journal={Statistics and Computing},
    volume={22},
    pages={795--808},
    year={2012},
    publisher={Springer}
}

@inbook{chabridon2021global,
  title={{Global Reliability-oriented Sensitivity Analysis under Distribution Parameter Uncertainty}},
  author={Chabridon, V. and Balesdent, M. and Perrin, G. and Morio, J. and Bourinet, J.-M. and Gayton, N.},
  booktitle={Mechanical Engineering under Uncertainties: From Classical Approaches to Some Recent Developments},
  pages={237--277},
  year={2021},
  publisher={Wiley Online Library}
}

@article{chabridon_2017,
  title={{Evaluation of failure probability under parameter epistemic uncertainty: application to aerospace system reliability assessment}},
  author={Chabridon, V. and Balesdent, M. and Bourinet, J.-M. and Morio, J. and Gayton, N.},
  journal={Aerospace Science and Technology},
  volume={69},
  pages={526--537},
  year={2017},
}

@unpublished{chabridon_iooss_marrel_2020,
  title={{Tools for global and target sensitivity analyses in the context of high-dimensional thermal-hydraulic numerical experiments}},
  author={Chabridon, V. and Iooss, B. and Marrel, A.},
  year={2020},
  note={hal-02877385}
}

@article{derkiureghian_1998,
  title={{Multiple design points in first and second-order reliability}},
  author={Der Kiureghian, A. and Dakessian, T.},
  journal={Structural Safety},
  volume={20},
  pages={37--49},
  year={1998},
}

@article{demange_2023_ijuq,
  title={{Shapley effect estimation in reliability-oriented sensitivity analysis with correlated inputs by importance sampling}},
  author={Demange-Chryst, J. and Bachoc, F. and Morio, J.},
  journal={International Journal for Uncertainty Quantification},
  volume={13},
  number={3},
  pages={1--37},
  year={2023},
}

@article{echard_2011,
    title = {{AK-MCS: An active learning reliability method combining Kriging and Monte Carlo Simulation}},
    journal = {Structural Safety},
    volume = {33},
    pages = {145--154},
    year = {2011},
    author = {B. Echard and N. Gayton and M. Lemaire},
}

@article{ehre_2020_rosa,
  title={{A framework for global reliability sensitivity analysis in the presence of multi-uncertainty}},
  author={Ehre, M. and Papaioannou, I. and Straub, D.},
  journal={Reliability Engineering and System Safety},
  volume={195},
  pages={106726},
  year={2020},
}

@article{ehre_2024_vb_rosa,
  title={{Variance-based reliability sensitivity with dependent inputs using failure samples}},
  author={Ehre, M. and Papaioannou, I. and Straub, D.},
  journal={Structural Safety},
  volume={106},
  pages={102396},
  year={2024},
}

@article{glasserman1999multilevel,
    title={Multilevel splitting for estimating rare event probabilities},
    author={Glasserman, P. and Heidelberger, P. and Shahabuddin, P. and Zajic, T.},
    journal={Operations Research},
    volume={47},
    pages={585--600},
    year={1999},
}

@article{guede_2007,
  title={{Life-time reliability based assessment of structures submitted to thermal fatigue}},
  author={Gu{\'e}d{\'e}, Z. and Sudret, B. and Lemaire, M.},
  journal={International Journal of Fatigue},
  volume={29},
  number={7},
  pages={1359--1373},
  year={2007},
  publisher={Elsevier}
}

@article{geyer_2019_aisce,
  title={{Cross entropy-based importance sampling using Gaussian densities revisited}},
  author={Geyer, S. and Papaioannou, I. and Straub, D.},
  journal={Structural Safety},
  volume={76},
  pages={15--27},
  year={2019},
}

@article{hawchar_2017,
  title={{Principal component analysis and polynomial chaos expansion for time-variant reliability problems}},
  author={Hawchar, L. and El Soueidy, C-P and Schoefs, F.},
  journal={Reliability Engineering and System Safety},
  volume={167},
  pages={406--416},
  year={2017},
}

@article{ilidrissi_2021_rosa,
title = {{Developments and applications of Shapley effects to reliability-oriented sensitivity analysis with correlated inputs}},
journal = {Environmental Modelling \& Software},
volume = {143},
pages = {105115},
year = {2021},
author = {{Il Idrissi}, M. and Chabridon, V. and Iooss, B.},
}

@article{kahn_1951_splitting,
  title={Estimation of particle transmission by random sampling},
  author={Kahn, Herman and Harris, Theodore E},
  journal={National Bureau of Standards applied mathematics series},
  volume={12},
  pages={27--30},
  year={1951}
}

@article{lebrun_2009,
    title={{A generalization of the Nataf transformation to distributions with elliptical copula}},
    author={Lebrun, R. and Dutfoy, A.},
    journal={Probabilistic Engineering Mechanics},
    volume={24},
    number={2},
    pages={172--178},
    year={2009},
}

@article{lebrun_2009_dotheydiff,
  title={{Do Rosenblatt and Nataf isoprobabilistic transformations really differ?}},
  author={Lebrun, R. and Dutfoy, A.},
  journal={Probabilistic Engineering Mechanics},
  volume={24},
  number={4},
  pages={577--584},
  year={2009},
}

@article{lemaitre_2015_PLI,
  title={{Density modification-based reliability sensitivity analysis}},
  author={Lema{\^\i}tre, P. and Sergienko, E. and Arnaud, A. and Bousquet, N. and Gamboa, F. and Iooss, B.},
  journal={Journal of Statistical Computation and Simulation},
  volume={85},
  number={6},
  pages={1200--1223},
  year={2015},
}

@article{marrel_chabridon_2021,
    title = {{Statistical developments for target and conditional sensitivity analysis: Application on safety studies for nuclear reactor}},
    journal = {Reliability Engineering and System Safety},
    volume = {214},
    pages = {107711},
    year = {2021},
    author = {A. Marrel and V. Chabridon},
}

@article{melchers_1989_formis,
  title={{Importance sampling in structural systems}},
  author={Melchers, R.E.},
  journal={Structural safety},
  volume={6},
  number={1},
  pages={3--10},
  year={1989},
}

@inproceedings{mell_rey_2021,
    author = {Mell, L. and Rey, V. and Schoefs, F.},
    year = {2021},
    title = {{A multifidelity approach using discretization error bounds to estimate the probability of failure of structures}},
    booktitle= {Proceedings of the 14th World Congress on Computational Mechanics (WCCM) ECCOMAS Congress}
}

@article{moustapha_ss_2022,
    title = {{Active learning for structural reliability: Survey, general framework and benchmark}},
    journal = {Structural Safety},
    volume = {96},
    pages = {102174},
    year = {2022},
    author = {M. Moustapha and S. Marelli and B. Sudret},
}

@article{Morio_RESS_2011,
	author = {Morio, J.},
	year = {2011},
	title = {{Non-parametric adaptive importance sampling for the probability estimation of a launcher impact position}},
	journal = {Reliability Engineering and System Safety},
	volume = {96},
	number = {1},
	pages = {178--183}
}

@article{kurtz_song_2013_aisce,
	author = {Kurtz, N. and Song, J.},
	title = {{Cross-entropy-based adaptive importance sampling using Gaussian mixture}},
	year = {2013},
	journal = {Structural Safety},
	volume = {42},
	pages = {35--44}
}

@article{koutsourelakis_2004_line_sampling,
  title={{Reliability of structures in high dimensions. Part II. Theoretical validation}},
  author={Koutsourelakis, P.S.},
  journal={Probabilistic Engineering Mechanics},
  volume={19},
  number={4},
  pages={419--423},
  year={2004},
}

@article{owen_zhou_2000_is,
  title={{Safe and effective importance sampling}},
  author={Owen, A. and Zhou, Y.},
  journal={Journal of the American Statistical Association},
  volume={95},
  number={449},
  pages={135--143},
  year={2000},
}

@article{Papaioannou_PEM_2015,
	author = {Papaioannou, I. and Betz, W. and Zwirglmaier, K. and Straub, D.},
	year = {2015},
	title = {{MCMC algorithms for Subset Simulation}},
	journal = {Probabilistic Engineering Mechanics},
	volume = {41},
	pages = {89--103}
}

@article{papaioannou_2016,
  title={{Sequential importance sampling for structural reliability analysis}},
  author={Papaioannou, I. and Papadimitriou, C. and Straub, D.},
  journal={Structural safety},
  volume={62},
  pages={66--75},
  year={2016},
}


@article{papaioannou_2019_aisce,
  title={{Improved cross entropy-based importance sampling with a flexible mixture model}},
  author={Papaioannou, I. and Geyer, S. and Straub, D.},
  journal={Reliability Engineering and System Safety},
  volume={191},
  pages={106564},
  year={2019},
}

@article{papaioannou_2021_rosa_form,
title = {{Variance-based reliability sensitivity analysis and the FORM $\alpha$-factors}},
journal = {Reliability Engineering and System Safety},
volume = {210},
pages = {107496},
year = {2021},
author = {I. Papaioannou and D. Straub},
}

@article{papakonstantinou_2023_HMCMC,
  title={{Hamiltonian MCMC methods for estimating rare events probabilities in high-dimensional problems}},
  author={Papakonstantinou, K.G. and N., Hamed and Eshra, E.},
  journal={Probabilistic Engineering Mechanics},
  volume={74},
  pages={103485},
  year={2023},
}

@article{perrin_2019_rosa,
  title={{Efficient evaluation of reliability-oriented sensitivity indices}},
  author={Perrin, G. and Defaux, G.},
  journal={Journal of Scientific Computing},
  volume={79},
  number={3},
  pages={1433--1455},
  year={2019},
}

@inproceedings{pires_2023_noisy_RA,
  title={{Surrogate-based reliability analysis for noisy models}},
  author={Pires, A. and Moustapha, M. and Marelli, S. and Sudret, B.},
  booktitle={14th International Conference on Applications of Statistics and Probability in Civil Engineering (ICASP14)},
  year={2023},
  organization={Trinity College Dublin}
}

@article{rackwitz_2001,
  title={{Reliability analysis -- a review and some perspectives}},
  author={Rackwitz, R.},
  journal={Structural safety},
  volume={23},
  number={4},
  pages={365--395},
  year={2001},
}

@unpublished{marrel_2018,
  title={{Target and conditional sensitivity analysis with emphasis on dependence measures}},
  author={Raguet, H. and Marrel, A.},
  note={arXiv preprint arXiv:1801.10047},
  year={2018}
}

@article{rockafellar_2015,
author = {Rockafellar, R and Royset, J.},
year = {2015},
title = {{Engineering Decisions under Risk Averseness}},
volume = {1},
journal = {ASCE-ASME Journal of Risk and Uncertainty in Engineering Systems, Part A: Civil Engineering},
}

@misc{rozsas_2019_bbrc,
  title={{Repository and black-box reliability challenge 2019}},
  author={Rozsas, A. and Slobbe, A.},
  year={2019}
}

@article{schobi_sudret_2017_pbox,
  title={{Structural reliability analysis for p-boxes using multi-level meta-models}},
  author={Sch{\"o}bi, R. and Sudret, B.},
  journal={Probabilistic Engineering Mechanics},
  volume={48},
  pages={27--38},
  year={2017},
}

@inbook{straub_2014_fatigue_form,
  title={{Engineering Risk Assessment}},
  author={Straub, D.},
  journal={Risk -- A multidisciplinary introduction},
  pages={333--362},
  year={2014},
  publisher={Springer}
}

@article{tabandeh_2022_IS_review,
  title={{A review and assessment of importance sampling methods for reliability analysis}},
  author={Tabandeh, A. and Jia, G. and Gardoni, P.},
  journal={Structural Safety},
  volume={97},
  pages={102216},
  year={2022},
}

@article{torre_2019_copula_reliability,
  title={{A general framework for data-driven uncertainty quantification under complex input dependencies using vine copulas}},
  author={Torre, E. and Marelli, S. and Embrechts, P. and Sudret, B.},
  journal={Probabilistic Engineering Mechanics},
  volume={55},
  pages={1--16},
  year={2019},
}

@article{teixeira_2021,
  title={{Adaptive approaches in metamodel-based reliability analysis: A review}},
  author={Teixeira, R. and Nogal, M. and O’Connor, A.},
  journal={Structural Safety},
  volume={89},
  pages={102019},
  year={2021},
}

@article{uribe_2021_aisce,
  title={{Cross-entropy-based importance sampling with failure-informed dimension reduction for rare event simulation}},
  author={Uribe, F. and Papaioannou, I. and Marzouk, Y.M. and Straub, D.},
  journal={SIAM/ASA Journal on Uncertainty Quantification},
  volume={9},
  number={2},
  pages={818--847},
  year={2021},
}


@article{yun2018efficient,
    title={{An efficient global reliability sensitivity analysis algorithm based on classification of model output and subset simulation}},
    author={Yun, W. and Lu, Z. and Zhang, Y. and Jiang, X.},
    journal={Structural Safety},
    volume={74},
    pages={49--57},
    year={2018},
}

@article{wang_2016_aisce,
  title={{Cross-entropy-based adaptive importance sampling using von Mises-Fisher mixture for high dimensional reliability analysis}},
  author={Wang, Z. and Song, J.},
  journal={Structural Safety},
  volume={59},
  pages={42--52},
  year={2016},
}

@article{walter_2015_moving_particles,
  title={{Moving particles: A parallel optimal multilevel splitting method with application in quantiles estimation and meta-model based algorithms}},
  author={Walter, C.},
  journal={Structural Safety},
  volume={55},
  pages={10--25},
  year={2015},
}

@article{wei_2012_rosa,
  title={{Efficient sampling methods for global reliability sensitivity analysis}},
  author={Wei, P. and Lu, Z. and Hao, W. and Feng, J. and Wang, B.},
  journal={Computer Physics Communications},
  volume={183},
  number={8},
  pages={1728--1743},
  year={2012},
}

@article{zhang_1996_NIS,
  title={{Nonparametric importance sampling}},
  author={Zhang, P.},
  journal={Journal of the American Statistical Association},
  volume={91},
  number={435},
  pages={1245--1253},
  year={1996},
}




%%--------------- BOOKS - REPORTS - THESIS -----------------%%
@phdthesis{ajenjo_2023,
    author = {Ajenjo, A.},
    year = {2023},
    title = {{Info-gap robustness assessment of reliability evaluations for the safety of critical industrial systems}},
    school = {Universit\'e Bourgogne Franche-Comt\'e},}

@phdthesis{bourinet_2018,
  title={{Reliability analysis and optimal design under uncertainty -- Focus on adaptive surrogate-based approaches}},
  author={Bourinet, J.-M.},
  type = {{HDR}},
  year={2018},
  school={Universit{\'e} Clermont Auvergne}
}

@phdthesis{chabridon_2018_thesis,
  title={{Reliability-oriented sensitivity analysis under probabilistic model uncertainty -- Application to aerospace systems}},
  author={Chabridon, V.},
  year={2018},
  school={Universit{\'e} Clermont Auvergne}
}

@book{derkiureghian_2022_book,
  title={{Structural and system reliability}},
  author={Der Kiureghian, A.},
  year={2022},
  publisher={Cambridge University Press}
}

@techreport{destefano_1990,
  title={{An efficient algorithm for second-order reliability analysis}},
  author={De Stefano, M. and Der Kiureghian, A.},
  year={1990},
  institution={Report No. UCB/SEMM-90/20. Dept of Civil and Environmental Engineering, University of California, Berkeley.}
}

@phdthesis{dubourg_2011,
    author = {Dubourg, V.},
    year = {2011},
    school = {Universit\'{e} Blaise Pascal},
    title = {{Adaptive surrogate models for reliability analysis and reliability-based design optimization}}
}

@book{lemaire_2009,
  title={{Structural Reliability}},
  author={M. Lemaire and A. Chateauneuf and J-C. Mitteau},
  year={2009},
  publisher={John Wiley \& Sons}
}

@book{MorioBalesdent2015,
	author = {Morio, J. and Balesdent, M.},
	year = 2015,
	title={{Estimation of Rare Event Probabilities in Complex Aerospace and Other Systems: A Practical Approach}},
	publisher = {Woodhead Publishing, Elsevier}
}

@book{powell_1994,
  title={{A direct search optimization method that models the objective and constraint functions by linear interpolation}},
  author={Powell, M.},
  year={1994},
  publisher={Springer}
}

@BOOK{RubinsteinKroese1981,
	author = {Rubinstein, R. Y. and Kroese, D. P.},
	year = 2008,
	title = {{S}imulation and the {M}onte {C}arlo {M}ethod},
	edition = {{S}econd ed.},
	publisher = {Wiley}
}

@book{rubinstein_2004_CE,
  title={{The cross-entropy method: a unified approach to combinatorial optimization, Monte-Carlo simulation, and machine learning}},
  author={Rubinstein, Reuven Y and Kroese, Dirk P},
  volume={133},
  year={2004},
  publisher={Springer}
}

@phdthesis{schobi_2019_thesis,
  title={{Surrogate models for uncertainty quantification in the context of imprecise probability modelling}},
  author={Sch{\"o}bi, R.},
  year={2019},
  school={ETH Zurich}
}

@phdthesis{waarts2000structural,
    title={{Structural reliability using finite element methods: an appraisal of directional adaptive response surface sampling (DARS)}},
    author={Waarts, P.H.},
    year={2000},
    school={Technical University of Delft}
}




%============================================================%
%============================================================%
%======================= COPULAS ============================%
%============================================================%
%============================================================%

%%------------------------ PAPERS --------------------------%%

@article{bouezmarni_2013_EBC_convergence,
  title={{Bernstein estimator for unbounded copula densities}},
  author={Bouezmarni, T. and Ghouch, E. and Taamouti, A.},
  journal={Statistics \& Risk Modeling},
  volume={30},
  number={4},
  pages={343--360},
  year={2013},
}

@article{cottin_2014_bernstein,
  title={{From Bernstein polynomials to Bernstein copulas}},
  author={Cottin, C. and Pfeifer, D.},
  journal={Journal of Applied Functional Analysis},
  volume={9},
  number={3-4},
  pages={277--288},
  year={2014}
}

@article{deheuvels_1979_empirical_copula,
  title={{La fonction de d{\'e}pendance empirique et ses propri{\'e}t{\'e}s. Un test non param{\'e}trique d'ind{\'e}pendance}},
  author={Deheuvels, P.},
  journal={Bulletins de l'Acad{\'e}mie Royale de Belgique},
  volume={65},
  number={1},
  pages={274--292},
  year={1979},
}

@article{genest_2017_asymptotic_checkerboard,
  title={{Asymptotic behavior of the empirical multilinear copula process under broad conditions}},
  author={Genest, C. and Ne{\v{s}}lehov{\'a}, J. G and R{\'e}millard, B.},
  journal={Journal of Multivariate Analysis},
  volume={159},
  pages={82--110},
  year={2017},
}

@article{gonzalez_2021_checkerboard_copula,
  title={{Estimating checkerboard approximations with sample d-copulas}},
  author={Gonz{\'a}lez-Barrios, J.M. and Hoyos-Arg{\"u}elles, R.},
  journal={Communications in Statistics-Simulation and Computation},
  volume={50},
  number={12},
  pages={3992--4027},
  year={2021},
}

@article{hartigan_1975_splom,
  title={{Printer graphics for clustering}},
  author={Hartigan, J.A.},
  journal={Journal of Statistical Computation and Simulation},
  volume={4},
  number={3},
  pages={187--213},
  year={1975},
}

@article{heinrich_2013_cobweb,
  title={State of the Art of Parallel Coordinates.},
  author={Heinrich, J. and Weiskopf, D.},
  journal={Eurographics (state of the art reports)},
  pages={95--116},
  year={2013}
}

@article{janssen_2012_ebc,
title = {{Large sample behavior of the Bernstein copula estimator}},
journal = {Journal of Statistical Planning and Inference},
volume = {142},
number = {5},
pages = {1189 -- 1197},
year = {2012},
author = {P. Janssen and J. Swanepoel and N. Veraverbeke},
}

@Inbook{kiriliouk_2021_resampling,
  author={Kiriliouk, A. and Segers, J. and Tsukahara, H.},
  title={{Resampling Procedures with Empirical Beta Copulas}},
  bookTitle={{Pioneering Works on Extreme Value Theory: In Honor of Masaaki Sibuya}},
  pages={27--53},
  year={2021},
  publisher={Springer}
}

@unpublished{lasserre_2023_bernstein,
  author = {Lasserre, J.-B.},
  title = {{Chebyshev and Equilibrium Measure Vs Bernstein and Lebesgue Measure}},
  note = {arXiv:2303.13975},
  year = {2023},
}

@article{li_1998_checkerboard,
  title={{Strong approximation of copulas}},
  author={Li, X. and Mikusi{\'n}ski, P. and Taylor, Michael D.},
  journal={Journal of Mathematical Analysis and Applications},
  volume={225},
  number={2},
  pages={608--623},
  year={1998},
}

@article{nagler_2017,
    title = {{Nonparametric estimation of simplified vine copula models: comparison of methods}},
    author = {T. Nagler and C. Schellhase and C. Czado},
    pages = {99--120},
    volume = {5},
    journal = {Dependence Modeling},
    year = {2017},
}

@article{sancetta_satchell_2004, 
    title={The {B}ernstein copula and its applications to modeling and approximations of multivariate distributions}, 
    volume={20}, 
    number={3}, 
    journal={Econometric Theory}, 
    author={Sancetta, A. and Satchell, S.}, 
    year={2004}, 
    pages={535--562}
}

@article{segers_2017,
    title = {The empirical beta copula},
    journal = {Journal of Multivariate Analysis},
    volume = {155},
    pages = {35--51},
    year = {2017},
    author = {J. Segers and M. Sibuya and H. Tsukahara},
}

@article{vanem_2016,
title = {{Joint statistical models for significant wave height and wave period in a changing climate}},
journal = {Marine Structures},
volume = {49},
pages = {180-205},
year = {2016},
author = {E. Vanem},
}

@inproceedings{sklar_1959,
  title={{Fonctions de r{\'e}partition {\`a} n dimensions et leurs marges}},
  author={Sklar, M},
  booktitle={Annales de l'ISUP},
  volume={8},
  number={3},
  pages={229--231},
  year={1959}
}

%%--------------- BOOKS - REPORTS - THESIS -----------------%%
@book{chambers_1983,
  title={{Graphical methods for data analysis}},
  author={Chambers, J.M. and Cleveland, W.S. and Kleiner, B. and Tukey, P.A.},
  year={1983},
  publisher={CRC press}
}

@book{durante_2015_copula,
  title={{Principles of Copula Theory}},
  author={Durante, F. and Sempi, C.},
  year={2015},
  publisher={CRC press}
}

@book{joe_1997,
    title={Multivariate Models and Multivariate Dependence Concepts},
    author={Joe, H.},
    year={1997},
    publisher={Chapman and Hall}
}

@book{joe_2014,
  title={Dependence Modeling with Copulas},
  author={Joe, H.},
  year={2014},
  publisher={CRC press}
}

@book{joe2011dependence,
    title={Dependence Modeling: Vine Copula Handbook},
    author={Joe, H. and Kurowicka, D.},
    year={2011},
    publisher={World Scientific}
}

@phdthesis{lasserre_2022,
    author = {Lasserre, M.},
    year = {2022},
    title = {Apprentissages dans les réseaux bayésiens à base de copules non-paramétriques},
    school={Sorbonne Université}, 
}

@phdthesis{lebrun_2013_these,
  title={{Contributions {\`a} la mod{\'e}lisation de la d{\'e}pendance stochastique}},
  author={Lebrun, R.},
  year={2013},
  school={Universit{\'e} Paris-Diderot-Paris VII}
}

@phdthesis{rose_2015,
  title={{Modeling and estimating multivariate dependence structures with the Bernstein copula}},
  author={Rose, Doro},
  year={2015},
  school={Ludwig Maximilian University of Munich}
}

@phdthesis{Lebrun_PHD_2013,
	author = {Lebrun, R.},
	year = 2013,
	title = {{Contributions \`a la mod\'elisation de la d\'ependance stochastique}},
	school = {Universit\'e Paris-Diderot -- Paris VII},
	note = {(in English)},
    address = {}
}

@book{nelsen_2006_copulas,
  title={{An introduction to copulas}},
  author={Nelsen, R.B.},
  year={2006},
  publisher={Springer}
}


%============================================================%
%============================================================%
%===================== METAMODELING =========================%
%============================================================%
%============================================================%

%%------------------------ PAPERS --------------------------%%

@article{auder_2012,
  title={{Screening and metamodeling of computer experiments with functional outputs. Application to thermal--hydraulic computations}},
  author={Auder, B. and De Cr\'ecy, A. and Iooss, B. and Marques, M.},
  journal={Reliability Engineering and System Safety},
  volume={107},
  pages={122--131},
  year={2012},
}

@article{bachoc_2013,
  title={{Cross validation and maximum likelihood estimations of hyper-parameters of Gaussian processes with model misspecification}},
  author={Bachoc, F.},
  journal={Computational Statistics and Data Analysis},
  volume={66},
  pages={55--69},
  year={2013},
}

@article{baker_2022_stochastic_surrogates_review,
  author={Baker, E. and Barbillon, P. and Fadikar, A. and Gramacy, R.B. and Herbei, R. and Higdon, D. and Huang, J. and Johnson, L.R. and Mondal, A. and Pires, B. and others},
  title = {{Analyzing Stochastic Computer Models: A Review with Opportunities}},
  journal = {Statistical Science},
  volume = {37},
  number = {1},
  pages = {64 -- 89},
  year = {2022},
}

@article{binois_2019_replication,
  title={{Replication or exploration? Sequential design for stochastic simulation experiments}},
  author={Binois, M. and Huang, J. and Gramacy, R.B. and Ludkovski, M.},
  journal={Technometrics},
  volume={61},
  number={1},
  pages={7--23},
  year={2019},
}

@article{blatman_2011,
  title={{Adaptive sparse polynomial chaos expansion based on least angle regression}},
  author={Blatman, G. and Sudret, B.},
  journal={Journal of Computational Physics},
  volume={230},
  number={6},
  pages={2345--2367},
  year={2011},
}

@article{breiman_1996_bagging,
  title={{Bagging predictors}},
  author={Breiman, L.},
  journal={Machine Learning},
  volume={24},
  pages={123--140},
  year={1996},
}

@article{browne_2016_stochastic_quantile,
  title={{Stochastic simulators based optimization by Gaussian process metamodels--application to maintenance investments planning issues}},
  author={Browne, T. and Iooss, B. and Le~Gratiet, L. and Lonchampt, J. and Remy, E.},
  journal={Quality and Reliability Engineering International},
  volume={32},
  number={6},
  pages={2067--2080},
  year={2016},
}

@inproceedings{chevalier_ginsbourger_2014,
    author={Chevalier, C.and Ginsbourger, D. and Emery, X.},
    title={{Corrected Kriging Update Formulae for Batch-Sequential Data Assimilation}},
    booktitle={Mathematics of Planet Earth},
    year={2014},
    pages={119 -- 122},
}

@article{fau_2021,
    title = {{State-of-the-Art and Comparative Review of Adaptive Sampling Methods for Kriging}},
    journal = {Archives of Computational Methods in Engineering},
    volume = {28},
    pages = {2689--2747},
    year = {2021},
    author = {J.N Fuhg. and A. Fau and U. Nackenhorst},
}

@unpublished{fernandez_2016_review_multifi,
  title={{Review of multi-fidelity models}},
  author={Fern{\'a}ndez-Godino, M.G and Park, C. and Kim, N-H and Haftka, R.T},
  note={arXiv preprint arXiv:1609.07196},
  year={2016}
}

@article{grasedyck_2013,
  title={{A literature survey of low-rank tensor approximation techniques}},
  author={Grasedyck, L. and Kressner, D. and Tobler, C.},
  journal={GAMM-Mitteilungen},
  volume={36},
  number={1},
  pages={53--78},
  year={2013},
}

@article{geoga_2020_hmat_gp,
  title={{Scalable Gaussian process computations using hierarchical matrices}},
  author={Geoga, C.J. and Anitescu, M. and Stein, M.L.},
  journal={Journal of Computational and Graphical Statistics},
  volume={29},
  number={2},
  pages={227--237},
  year={2020},
}

@article{jones_1998,
  title={{Efficient global optimization of expensive black-box functions}},
  author={Jones, D.R. and Schonlau, M. and Welch, W.J.},
  journal={Journal of Global Optimization},
  volume={13},
  pages={455--492},
  year={1998},
}

@article{leriche_2021,
  title={{Revisiting Bayesian optimization in the light of the COCO benchmark}},
  author={Le Riche, R. and Picheny, V.},
  journal={Structural and Multidisciplinary Optimization},
  volume={64},
  number={5},
  pages={3063--3087},
  year={2021},
}

@article{luthen_2023_stochastic_pce,
  title={{A spectral surrogate model for stochastic simulators computed from trajectory samples}},
  author={L{\"u}then, N. and Marelli, S. and Sudret, B.},
  journal={Computer Methods in Applied Mechanics and Engineering},
  volume={406},
  pages={115875},
  year={2023},
}

@article{marrel_2009,
  title={{Calculations of Sobol indices for the Gaussian process metamodel}},
  author={Marrel, A. and Iooss, B. and Laurent, B. and Roustant, O.},
  journal={Reliability Engineering and System Safety},
  volume={94},
  number={3},
  pages={742--751},
  year={2009},
}

@article{qiu_2016,
  title={{A survey of machine learning for big data processing}},
  author={Qiu, J. and Wu, Q. and Ding, G. and Xu, Y. and Feng, S.},
  journal={EURASIP Journal on Advances in Signal Processing},
  volume={2016},
  pages={1--16},
  year={2016},
}

@article{rollon_2021,
  title={{Functional outlier detection by means of h-mode depth and dynamic time warping}},
  author={Roll{\'o}n de Pinedo, A. and Couplet, M. and Iooss, B. and Marie, N. and Marrel, A. and Merle, E. and Sueur, R.},
  journal={Applied Sciences},
  volume={11},
  number={23},
  pages={11475},
  year={2021},
}

@article{schobi_2015,
  title={{Polynomial-chaos-based Kriging}},
  author={Schobi, R. and Sudret, B. and Wiart, J.},
  journal={International Journal for Uncertainty Quantification},
  volume={5},
  number={2},
  year={2015},
}

@article{sudret_2008,
  title={{Global sensitivity analysis using polynomial chaos expansions}},
  author={Sudret, B.},
  journal={Reliability Engineering and System Safety},
  volume={93},
  number={7},
  pages={964--979},
  year={2008},
}

@article{shahriari_2015,
  title={{Taking the human out of the loop: A review of Bayesian optimization}},
  author={Shahriari, B. and Swersky, K. and Wang, Z. and Adams, R.P. and De Freitas, N.},
  journal={Proceedings of the IEEE},
  volume={104},
  number={1},
  pages={148--175},
  year={2015},
}


@article{soize_2004,
  title={{Physical systems with random uncertainties: chaos representations with arbitrary probability measure}},
  author={Soize, C. and Ghanem, R.},
  journal={SIAM Journal on Scientific Computing},
  volume={26},
  pages={395--410},
  year={2004},
}

@article{vapnik_1995,
  title={{Support-vector networks}},
  author={Cortes, C. and Vapnik, V.},
  journal={Machine Learning},
  volume={20},
  pages={273--297},
  year={1995},
}

@article{zhu_2023_stochastic_pce,
  title={{Stochastic polynomial chaos expansions to emulate stochastic simulators}},
  author={Zhu, X. and Sudret, B.},
  journal={International Journal for Uncertainty Quantification},
  volume={13},
  number={2},
  year={2023},
}


%%--------------- BOOKS - REPORTS - THESIS -----------------%%
@book{forrester_2008,
  title={{Engineering Design via Surrogate Modelling: A Practical Guide}},
  author={Forrester, A. and Sobester, A. and Keane, A.},
  year={2008},
  publisher={John Wiley \& Sons}
}

@book{gramacy_2020_book,
  title={{Surrogates: Gaussian process modeling, design, and optimization for the applied sciences}},
  author={Gramacy, R.B.},
  year={2020},
  publisher={CRC press}
}

@book{lemaitre_2010,
  title={{Spectral methods for uncertainty quantification: with applications to computational fluid dynamics}},
  author={Le Ma{\^\i}tre, O. and Knio, O.M.},
  year={2010},
  publisher={Springer Science \& Business Media}
}

@book{rasmussen_2006,
    title={{Gaussian processes for machine learning}},
    author= {C.E. Rasmussen and C.K.I. Williams},
    volume={1},
    year={2006},
    publisher={Springer}
}

@book{schilders_2008,
  title={{Model order reduction: theory, research aspects and applications}},
  author={Schilders, W. and Van der Vorst, H. A and Rommes, J.},
  volume={13},
  year={2008},
  publisher={Springer}
}

@book{tibshirani_2009,
  title={{The Elements of Statistical Learning: Data Mining, Inference, and Prediction}},
  author={Hastie, T. and Tibshirani, R. and Friedman, J.H.},
  edition = {2nd Ed.},
  year={2009},
  publisher={Springer}
}

@phdthesis{petit_2022,
    author = {Petit, S.},
    year = {2022},
    title = {{Improved Gaussian process modeling : Application to Bayesian optimization}},
    school={{Universit{\'e} Paris-Saclay}}, 
}

@phdthesis{zhu_2023_thesis,
  TITLE = {{Surrogate Modeling for Stochastic Simulators Using Statistical Approaches}},
  AUTHOR = {Zhu, X.},
  SCHOOL = {{ETH Zurich}},
  YEAR = {2022},
}

%============================================================%
%============================================================%
%================ WIND TURBINES MODELING ====================%
%============================================================%
%============================================================%

%%------------------------ PAPERS --------------------------%%
@article{abdullah_2012_control_review,
  title={{A review of maximum power point tracking algorithms for wind energy systems}},
  author={Abdullah, M.A. and Yatim, A.H.M. and Tan, C.W. and Saidur, R.},
  journal={Renewable and sustainable energy reviews},
  volume={16},
  number={5},
  pages={3220--3227},
  year={2012},
  publisher={Elsevier}
}

@inproceedings{ahmed_2015_bottomfixed_image,
  title={{Finite element modeling of large diameter monopiles in dense sand for offshore wind turbine foundations}},
  author={Ahmed, S.S. and Hawlader, B. and Roy, K.},
  booktitle={International Conference on Offshore Mechanics and Arctic Engineering},
  volume={56475},
  pages={V001T10A009},
  year={2015},
  organization={American Society of Mechanical Engineers}
}


@article{alsolihat_2018_flexible_multibody,
  title={{Flexible multibody dynamic modeling of a floating wind turbine}},
  author={Al-Solihat, M.K. and Nahon, M.},
  journal={International Journal of Mechanical Sciences},
  volume={142},
  pages={518--529},
  year={2018},
}

@article{ameryoun_2019_marine_growth,
  title={{Stochastic modeling of forces on jacket-type offshore structures colonized by marine growth}},
  author={Ameryoun, H. and Schoefs, F. and Barill{\'e}, L. and Thomas, Y.},
  journal={Journal of Marine Science and Engineering},
  volume={7},
  number={5},
  pages={158},
  year={2019},
}

@article{bitner_2015_joint,
  title={Joint met-ocean description for design and operations of marine structures},
  author={Bitner-Gregersen, E.M.},
  journal={Applied Ocean Research},
  volume={51},
  pages={279--292},
  year={2015},
}

@article{blondel_2020,
author = {Blondel, F. and Cathelain, M.},
title = {{An alternative form of the super-Gaussian wind turbine wake model}},
journal = {Wind Energy Science},
volume = {5},
year = {2020},
number = {3},
pages = {1225--1236},
}

@inproceedings{bui_2022_mesoscale_LES,
  title={{Mesoscale Simulation of Open Cellular Convection: Roles of Model Resolutions and Physics Parameterizations}},
  author={Bui, H. and Bakhoday-Paskyabi, M.},
  booktitle={Journal of Physics: Conference Series},
  volume={2362},
  pages={012006},
  year={2022},
}

@article{bossanyi_2003_pitch_control,
  title={{Individual blade pitch control for load reduction}},
  author={Bossanyi, E.A.},
  journal={Wind Energy: An International Journal for Progress and Applications in Wind Power Conversion Technology},
  volume={6},
  number={2},
  pages={119--128},
  year={2003},
}

@inproceedings{caille_2017_TPL_IFPEN,
  title={{Model test and simulation comparison for an inclined-leg TLP dedicated to floating wind}},
  author={Caill{\'e}, F. and Bozonnet, P. and Perdrizet, T. and Poirette, Y. and Melis, C.},
  booktitle={International Conference on Offshore Mechanics and Arctic Engineering},
  volume={57786},
  pages={V010T09A070},
  year={2017},
  organization={American Society of Mechanical Engineers}
}

@inproceedings{cermelli_2018_windfloat,
  title={{Experimental measurements of WindFloat 1 prototype responses and comparison with numerical model}},
  author={Cermelli, C. and Leroux, C. and D{\'\i}az-Dom{\'\i}nguez, S. and Peiffer, A.},
  booktitle={International Conference on Offshore Mechanics and Arctic Engineering},
  volume={51319},
  pages={V010T09A050},
  year={2018},
}

@article{dai_2011_BEMT,
title = {{Aerodynamic loads calculation and analysis for large scale wind turbine based on combining BEM modified theory with dynamic stall model}},
journal = {Renewable Energy},
volume = {36},
number = {3},
pages = {1095-1104},
year = {2011},
author = {J.C. Dai and Y.P. Hu and D.S. Liu and X. Long},
}

@article{dirlik_2021,
  title={{Dirlik and Tovo-Benasciutti Spectral Methods in Vibration Fatigue: A Review with a Historical Perspective}},
  author={Dirlik, T. and Benasciutti, D.},
  journal={Metals},
  volume={11},
  number={9},
  pages={1333},
  year={2021},
}

@article{doubrawa_2023,
  title={{Difference in load predictions obtained with effective turbulence vs. a dynamic wake meandering modeling approach}},
  author={Doubrawa, P. and Shaler, K. and Jonkman, J.},
  journal={Wind Energy Science},
  volume={2023},
  pages={1--28},
  year={2023},
}

@article{doubrawa_2020_benchmark,
  title={{Multimodel validation of single wakes in neutral and stratified atmospheric conditions}},
  author={Doubrawa, P. and Quon, E.W. and Martinez-Tossas, L.A. and Shaler, K. and Debnath, M. and Hamilton, N. and Herges, T.G. and Maniaci, D. and Kelley, C.L. and Hsieh, A.S. and others},
  journal={Wind Energy},
  volume={23},
  number={11},
  pages={2027--2055},
  year={2020},
}

@article{doubrawa_2019,
title = {{Load response of a floating wind turbine to turbulent atmospheric flow}},
journal = {Applied Energy},
volume = {242},
pages = {1588-1599},
year = {2019},
author = {Doubrawa, P. and Churchfield, M. and Godvik, M. and Sirnivas, S.},
}

@article{dowling_1972,
    author = {Dowling, N. E.},
    year = {1972},
    pages = {71--87},
    title = {{Fatigue Failure Predictions for Complicated Stress-Strain Histories}},
    volume = {7},
    journal = {Journal of Materials, JMLSA},
}

@article{dimitrov_2017_constrained_turbulence,
  title={{Application of simulated lidar scanning patterns to constrained Gaussian turbulence fields for load validation}},
  author={Dimitrov, N. and Natarajan, A.},
  journal={Wind Energy},
  volume={20},
  number={1},
  pages={79--95},
  year={2017},
}

@article{dimitrov_2017_turbulence_models_on_loads,
  title={{Effects of normal and extreme turbulence spectral parameters on wind turbine loads}},
  author={Dimitrov, N. and Natarajan, A. and Mann, J.},
  journal={Renewable Energy},
  volume={101},
  pages={1180--1193},
  year={2017},
}

@article{driscoll_2016_hywind,
  title={{Validation of a FAST model of the statoil-hywind demo floating wind turbine}},
  author={Driscoll, F. and Jonkman, J. and Robertson, A. and Sirnivas, S. and Skaare, B. and Nielsen, F.G.},
  journal = {Energy Procedia},
  volume = {94},
  pages = {3--19},
  year = {2016},
  note = {13th Deep Sea Offshore Wind R\&D Conference, EERA DeepWind'2016},
}

@article{fatemi_1998,
    title = {{Cumulative fatigue damage and life prediction theories: a survey of the state of the art for homogeneous materials}},
    journal = {International Journal of Fatigue},
    volume = {20},
    number = {1},
    pages = {9--34},
    year = {1998},
    author = {A. Fatemi and L. Yang},
}

@article{fazeres_2021_scour,
  title={{Scour protections for offshore foundations of marine energy harvesting technologies: A review}},
  author={Fazeres-Ferradosa, T. and Chambel, J. and Taveira-Pinto, F. and Rosa-Santos, P. and Taveira-Pinto, F. and Giannini, G. and Haerens, P.},
  journal={Journal of Marine Science and Engineering},
  volume={9},
  number={3},
  pages={297},
  year={2021},
}

@inproceedings{fleming_2020_FLORIS,
  title={{Overview of FLORIS updates}},
  author={Fleming, P. and King, J. and Bay, C.J. and Simley, E. and Mudafort, R. and Hamilton, N. and Farrell, A. and Martinez-Tossas, L.},
  booktitle={Journal of Physics: Conference Series},
  volume={1618},
  pages={022028},
  year={2020},
}

@article{freyssinet_2023_nonlinear_fatigue,
title = {Bayesian calibration of a non linear damage model of steel structures with random material property: Sensitivity analysis and reliability assessment},
author = {Freyssinet, C. and Rey, V. and Schoefs, F. and Moro, T.},
journal = {Engineering Structures},
volume = {295},
pages = {116853},
year = {2023},
}

@article{galparsoro_2022_owt_ecological_impact,
  title={Reviewing the ecological impacts of offshore wind farms},
  author={Galparsoro, I. and Menchaca, I. and Garmendia, J.M. and Borja, A. and Maldonado, A.D. and Iglesias, G. and Bald, J.},
  journal={npj Ocean Sustainability},
  volume={1},
  number={1},
  pages={1},
  year={2022},
}

@article{gottschall_2017_floating_LIDAR,
  title={{Floating lidar as an advanced offshore wind speed measurement technique: current technology status and gap analysis in regard to full maturity}},
  author={Gottschall, J. and Gribben, B. and Stein, D. and W{\"u}rth, I.},
  journal={Wiley Interdisciplinary Reviews: Energy and Environment},
  volume={6},
  number={5},
  pages={e250},
  year={2017},
}

@article{guedes_2005_bimodal_jonswap,
    author = {Ewans, K. C. and Bitner-Gregersen, E. M. and Guedes-Soares, C.},
    title = "{Estimation of Wind-Sea and Swell Components in a Bimodal Sea State}",
    journal = {Journal of Offshore Mechanics and Arctic Engineering},
    volume = {128},
    number = {4},
    pages = {265--270},
    year = {2004},
}

@inproceedings{guignier_2016_ideol,
    author = {Guignier, L. and Courbois, A. and Mariani, R. and Choisnet, T.},
    title = {{Multibody Modelling of Floating Offshore Wind Turbine Foundation for Global Loads Analysis}},
    booktitle = {International Ocean and Polar Engineering Conference},
    pages = {ISOPE-I-16-392},
    year = {2016},
}

@article{han_2018_kde_metocean,
  title={{Non-parametric models for joint probabilistic distributions of wind speed and direction data}},
  author={Han, Q. and Hao, Z. and Hu, T. and Chu, F.},
  journal={Renewable Energy},
  volume={126},
  pages={1032--1042},
  year={2018},
}

@article{hegseth_2019_modal_FOWT,
  title={{A semi-analytical frequency domain model for efficient design evaluation of spar floating wind turbines}},
  author={Hegseth, J.M. and Bachynski, E.E.},
  journal={Marine Structures},
  volume={64},
  pages={186--210},
  year={2019},
}

@article{heredia_2022_nonparam_copula,
  title={{Environmental contours using nonparametric copulas}},
  author={Heredia-Zavoni, E and Montes-Iturrizaga, R},
  journal={Ocean Engineering},
  volume={266},
  pages={112971},
  year={2022},
}

@inproceedings{johlas_2020_wake_LES,
  title={{Large eddy simulations of offshore wind turbine wakes for two floating platform types}},
  author={Johlas, H.M. and Mart{\'\i}nez-Tossas, L.A. and Lackner, M.A. and Schmidt, D.P. and Churchfield, M.J.},
  booktitle={Journal of Physics: Conference Series},
  volume={1452},
  number={1},
  pages={012034},
  year={2020},
}

@article{jonswap_1973,
  title={{Measurements of wind-wave growth and swell decay during the Joint North Sea Wave Project (JONSWAP)}},
  author={Hasselmann, K. and Barnett, T.P. and Bouws, E. and Carlson, H. and Cartwright, D.E. and Enke, K. and Ewing, J.AA and Gienapp, A. and Hasselmann, D.E. and Kruseman, P. and others},
  journal={Ergaenzungsheft zur Deutschen Hydrographischen Zeitschrift, Reihe A},
  year={1973}
}

@article{jiang_2021_owt_installation_review,
  title={{Installation of offshore wind turbines: A technical review}},
  author={Jiang, Z.},
  journal={Renewable and Sustainable Energy Reviews},
  volume={139},
  pages={110576},
  year={2021},
}

@inproceedings{jonkman_2011_ISOPE,
  title={{State of the art in floating wind turbine design tools}},
  author={Cordle, A. and Jonkman, J.},
  booktitle={ISOPE International Ocean and Polar Engineering Conference},
  year={2011},
}

@article{jensen_2018_blade_recycling,
title = {{Wind turbine blade recycling: Experiences, challenges and possibilities in a circular economy}},
journal = {Renewable and Sustainable Energy Reviews},
volume = {97},
pages = {165-176},
year = {2018},
author = {J.P. Jensen and K. Skelton},
}

@article{kaimal_1972,
    title={{Spectral characteristics of surface-layer turbulence}},
    author={Kaimal, J.C. and Wyngaard, J.C.J. and Izumi, Y. and Cot{\'e}, O.R.},
    journal={Quarterly Journal of the Royal Meteorological Society},
    volume={98},
    number={417},
    pages={563--589},
    year={1972},
}

@article{kallehave_2015_modal,
  title={{Optimization of monopiles for offshore wind turbines}},
  author={Kallehave, D. and Byrne, B. W and LeBlanc T., Christian and M., Kristian K.},
  journal={Philosophical Transactions of the Royal Society A: Mathematical, Physical and Engineering Sciences},
  volume={373},
  number={2035},
  pages={20140100},
  year={2015},
}

@article{kim_natarajan_2022,
    year = {2022},
    volume = {2265},
    number = {4},
    pages = {042006},
    author = {Kim, T. and Natarajan, A. and Lovera, A. and Julan, E. and Peyrard, E. and Capaldo, M. and Huwart, G. and Bozonnet, P. and Guiton, M.},
    title = {{A comprehensive code-to-code comparison study with the modified {IEA}15MW-{UMaine} Floating Wind Turbine for H2020 {HIPERWIND} project}},
    journal = {Journal of Physics: Conference Series},
}

@inproceedings{matha_2011_ISOPE,
  author={Matha, D. and Schlipf, M. and Pereira, R. and Jonkman, J.},
  year = {2011},
  month = {01},
  pages = {},
  title = {{Challenges in Simulation of Aerodynamics, Hydrodynamics, and Mooring-Line Dynamics of Floating Offshore Wind Turbines}},
  journal = {Proceedings of the International Offshore and Polar Engineering Conference}
}

@article{marty_2021_cable_marine_growth,
  title={{Experimental study of hard marine growth effect on the hydrodynamical behaviour of a submarine cable}},
  author={Marty, A. and Berhault, C. and Damblans, G. and Facq, J-V and Gaurier, B. and Germain, G. and Soulard, T. and Schoefs, F.},
  journal={Applied Ocean Research},
  volume={114},
  pages={102810},
  year={2021},
}

@article{larsen_2008_wake,
  title={{Wake meandering: a pragmatic approach}},
  author={Larsen, G. C and Madsen, H.A. and Thomsen, K. and Larsen, T.J.},
  journal={Wind Energy: An International Journal for Progress and Applications in Wind Power Conversion Technology},
  volume={11},
  number={4},
  pages={377--395},
  year={2008},
}

@article{le_2014_geotech_casestudy,
  title={{Geological and geotechnical characterisation for offshore wind turbine foundations: A case study of the Sheringham Shoal wind farm}},
  author={Le, T.M.H. and Eiksund, G.R and Str{\o}m, P.J. and Saue, M.},
  journal={Engineering Geology},
  volume={177},
  pages={40--53},
  year={2014},
}

@article{li_2020_cvines_metocean,
  title={{Long-term assessment of a floating offshore wind turbine under environmental conditions with multivariate dependence structures}},
  author={Li, X. and Zhang, W.},
  journal={Renewable Energy},
  volume={147},
  pages={764--775},
  year={2020},
}

@article{lin_2019_cvines_waves,
  title={{Wave energy assessment based on trivariate distribution of significant wave height, mean period and direction}},
  author={Lin, Y. and Dong, S.},
  journal={Applied Ocean Research},
  volume={87},
  pages={47--63},
  year={2019},
}

@article{liu_2017_damping,
  title={{Effects of aerodynamic damping on the tower load of offshore horizontal axis wind turbines}},
  author={Liu, X. and Lu, C. and Li, G. and Godbole, A. and Chen, Y.},
  journal={Applied Energy},
  volume={204},
  pages={1101--1114},
  year={2017},
}

@article{mann_1998,
  title={Wind field simulation},
  author={Mann, J.},
  journal={{Probabilistic engineering mechanics}},
  volume={13},
  number={4},
  pages={269--282},
  year={1998},
}

@article{mackinnon_2022_FOWT_table,
  title={{Technology legitimation and strategic coupling: A cross-national study of floating wind power in Norway and Scotland}},
  author={MacKinnon, D. and Afewerki, S. and Karlsen, A.},
  journal={Geoforum},
  volume={135},
  pages={1--11},
  year={2022},
}

@article{meyers_2022_active_control,
  title={Wind farm flow control: prospects and challenges},
  author={Meyers, J. and Bottasso, C. and Dykes, K. and Fleming, P. and Gebraad, P. and Giebel, G. and G{\"o}{\c{c}}men, T. and Van Wingerden, J.W.},
  journal={Wind Energy Science},
  volume={2022},
  pages={1--56},
  year={2022},
}

@article{mei_2021_FOWT_illustration,
  title={{Effects of second-order hydrodynamics on the dynamic responses and fatigue damage of a 15 mw floating offshore wind turbine}},
  author={Mei, X. and Xiong, M.},
  journal={Journal of Marine Science and Engineering},
  volume={9},
  number={11},
  pages={1232},
  year={2021},
}

@inproceedings{milano_peyrarg_2019,
    author = {Milano, D. and Peyrard, C. and Capaldo, M. and Ingram, D. and Xiao, Q. and Johanning, L.},
    year = {2019},
    booktitle = {Proceedings of the ASME 2019 38th International Conference on Ocean, Offshore and Arctic Engineering},
    title = {{Impact of High Order Wave Loads on a 10 MW Tension-Leg Platform Floating Wind Turbine at Different Tendon Inclination Angles}},
}

@article{montes_2016_cvines_metocean,
  title={'Multivariate environmental contours using C-vine copulas'},
  author={Montes-Iturrizaga, R. and Heredia-Zavoni, E.},
  journal={Ocean engineering},
  volume={118},
  pages={68--82},
  year={2016},
}

@article{nagababu_2023_climate_change,
title = {{Can offshore wind energy help to attain carbon neutrality amid climate change? A GIS-MCDM based analysis to unravel the facts using CORDEX-SA}},
journal = {Renewable Energy},
pages = {119400},
year = {2023},
author = {G. Nagababu and B.A. Srinivas and S.S. Kachhwaha and H. Puppala and S.V.V.A. Kumar},
}

@article{nielsen_2021_risk_levels,
  title={{Risk-based derivation of target reliability levels for life extension of wind turbine structural components}},
  author={Nielsen, J.S. and S{\o}rensen, J.D.},
  journal={Wind Energy},
  volume={24},
  number={9},
  pages={939--956},
  year={2021},
}

@article{otter_2022_owt_modeling_review,
  title={{A review of modelling techniques for floating offshore wind turbines}},
  author={Otter, A. and Murphy, J. and Pakrashi, V. and Robertson, A. and Desmond, C.},
  journal={Wind Energy},
  volume={25},
  number={5},
  pages={831--857},
  year={2022},
}

@article{OWT_review_2016,
  title={{Long-term research challenges in wind energy--a research agenda by the European Academy of Wind Energy}},
  author={Van Kuik, G. and Peinke, J. and Nijssen, R. and Lekou, D. and Mann, J. and S{\o}rensen, J.N. and Ferreira, C. and van Wingerden, J.W. and Schlipf, D. and Gebraad, P. and others},
  journal={Wind Energy Science},
  volume={1},
  number={1},
  pages={1--39},
  year={2016},
}

@article{popko_2021_DIEGO_benchmark,
  title={{Validation of numerical models of the offshore wind turbine from the alpha ventus wind farm against full-scale measurements within OC5 Phase III}},
  author={Popko, W. and Robertson, A. and Jonkman, J. and Wendt, F. and Thomas, P. and M{\"u}ller, K. and Kretschmer, M. and Hagen, T.R. and Galinos, C. and Le Dreff, J-B and others},
  journal={Journal of Offshore Mechanics and Arctic Engineering},
  volume={143},
  number={1},
  pages={012002},
  year={2021},
}

@article{pierson_1964,
  title={{A proposed spectral form for fully developed wind seas based on the similarity theory of SA Kitaigorodskii}},
  author={Pierson Jr, W. J and Moskowitz, L.},
  journal={Journal of geophysical research},
  volume={69},
  number={24},
  pages={5181--5190},
  year={1964},
}


@article{pulselli_2022_FOWT_lifecycle,
  title={{Benchmarking marine energy technologies through LCA: Offshore floating wind farms in the mediterranean}},
  author={Pulselli, R.M. and Maccanti, M. and Bruno, M. and Sabbetta, A. and Neri, E. and Patrizi, N. and Bastianoni, S.},
  journal={Frontiers in Energy Research},
  volume={10},
  pages={902021},
  year={2022},
}

@article{quian_2018,
  title = {{A new Gaussian-based analytical wake model for wind turbines considering ambient turbulence intensities and thrust coefficient effects}},
  author = {Ishihara, T. and Qian, G. W},
  journal = {Journal of Wind Engineering and Industrial Aerodynamics},  
  volume = {177},
  pages = {275--292},
  year = {2018}
}

@article{ragan_2007_dirlik_vs_miner,
  title={{Comparing estimates of wind turbine fatigue loads using time-domain and spectral methods}},
  author={Ragan, P. and Manuel, L.},
  journal={Wind engineering},
  volume={31},
  number={2},
  pages={83--99},
  year={2007},
}

@inproceedings{raoult_2018_anemoc3,
  title={ANEMOC-3: am{\'e}lioration de la base de donn{\'e}es d’{\'e}tat de mer anemoc-2 par prise en compte des effets de la mar{\'e}e anemoc-3: improving the anemoc-2 sea state database by adding tide effects},
  author={Raoult, C. and Joly, A. and Andreevsky, M. and Joly-Laugel, A.}, 
  year={2018},
  booktitle={16e journ{\'e}es de l'hydrodynamique}
}

@article{ren_2021_owt_maintenance,
  title={{Offshore wind turbine operations and maintenance: A state-of-the-art review}},
  author={Ren, Z. and Verma, A.S. and Li, Y. and Teuwen, J. and Jiang, Z.},
  journal={Renewable and Sustainable Energy Reviews},
  volume={144},
  pages={110886},
  year={2021},
}

@article{reale_2021_OWT_soil_uncertainties,
  title={{Impact of geotechnical uncertainty on the preliminary design of monopiles supporting offshore wind turbines}},
  author={Reale, C. and Tott-Buswell, J. and Prendergast, L.J.},
  journal={ASCE-ASME Journal of Risk and Uncertainty in Engineering Systems, Part B: Mechanical Engineering},
  volume={7},
  number={4},
  pages={040903},
  year={2021},
}

@article{ronge_2023_hydrodynamics_fowt,
  title={{Evaluation of second and third-order numerical wave-loading models for floating offshore wind TLPs}},
  author={Rong{\'e}, E. and Peyrard, C. and Venugopal, V. and Xiao, Q. and Johanning, L. and Benoit, M.},
  journal={Ocean Engineering},
  volume={288},
  pages={116064},
  year={2023},
}

@inproceedings{robertson_2020_diego_benchmark,
  title={{OC6 Phase I: Investigating the underprediction of low-frequency hydrodynamic loads and responses of a floating wind turbine}},
  author={Robertson, A.N. and Gueydon, S. and Bachynski, E. and Wang, L. and Jonkman, J. and Alarcon, D. and Amet, E. and Beardsell, A. and Bonnet, P. and Boudet, B. and others},
  booktitle={Journal of Physics: Conference Series},
  volume={1618},
  number={3},
  pages={032033},
  year={2020},
}

@article{rocher_2020_nonlinear_fatigue,
title = {A two-scale probabilistic time-dependent fatigue model for offshore steel wind turbines},
journal = {International Journal of Fatigue},
volume = {136},
pages = {105620},
year = {2020},
author = {Rocher, B. and Schoefs, S. and François, M. and Salou, A. and Caouissin, A.-L.},
}

@article{rott_2018_active_control,
  title={{Robust active wake control in consideration of wind direction variability and uncertainty}},
  author={Rott, A. and Doekemeijer, B. and Seifert, J.K. and van Wingerden, J.W. and K{\"u}hn, M.},
  journal={Wind Energy Science},
  volume={3},
  number={2},
  pages={869--882},
  year={2018},
}

@article{simley_2020_active_control,
  title={{Design and analysis of a wake steering controller with wind direction variability}},
  author={Simley, E. and Fleming, P. and King, J.},
  journal={Wind Energy Science},
  volume={5},
  number={2},
  pages={451--468},
  year={2020},
}

@article{sempreviva_2008_wind_assessment_review,
  title={{Review of methodologies for offshore wind resource assessment in European seas}},
  author={Sempreviva, A.M. and Barthelmie, R.J. and Pryor, SC},
  journal={Surveys in Geophysics},
  volume={29},
  pages={471--497},
  year={2008},
}

@article{saranyasoontorn_2004,
    author = {Saranyasoontorn, K. and Manuel, L. and Veers, P.S. },
    title = {{A Comparison of Standard Coherence Models for Inflow Turbulence With Estimates from Field Measurements}},
    journal = {Journal of Solar Energy Engineering},
    volume = {126},
    number = {4},
    pages = {1069--1082},
    year = {2004},
}

@article{shields_2021_owt_lcoe,
  title={{Impacts of turbine and plant upsizing on the levelized cost of energy for offshore wind}},
  author={Shields, M. and Beiter, P. and Nunemaker, J. and Cooperman, A. and Duffy, P.},
  journal={Applied Energy},
  volume={298},
  pages={117189},
  year={2021},
}

@inproceedings{skaare_2017_hywind,
  title={{Development of the Hywind concept}},
  author={Skaare, B.},
  booktitle={International Conference on Offshore Mechanics and Arctic Engineering},
  volume={57779},
  pages={V009T12A050},
  year={2017},
}

@article{sutherland_2000_fatigueWT,
  title={{A summary of the fatigue properties of wind turbine materials}},
  author={Sutherland, H.J.},
  journal={Wind Energy: An International Journal for Progress and Applications in Wind Power Conversion Technology},
  volume={3},
  number={1},
  pages={1--34},
  year={2000},
}

@article{van_1957_wind_psd,
  title={{Power spectrum of horizontal wind speed in the frequency range from 0.0007 to 900 cycles per hour}},
  author={Van der Hoven, I.},
  journal={Journal of Atmospheric Sciences},
  volume={14},
  number={2},
  pages={160--164},
  year={1957}
}

@article{veers_2019_review,
  title={{Grand challenges in the science of wind energy}},
  author={Veers, P. and Dykes, K. and Lantz, E. and Barth, S. and Bottasso, C.L. and Carlson, O. and Clifton, A. and Green, J. and Green, P. and Holttinen, H. and others},
  journal={Science},
  volume={366},
  number={6464},
  pages={eaau2027},
  year={2019},
}

@article{wise_2020,
  title = {{Wake meandering effects on floating wind turbines}},
  author = {Wise, A.S. and Bachynski, E.E.},
  journal = {Wind Energy},  
  volume = {23},
  number = {5},
  pages = {1266--1285},
  year = {2020}
}

@article{zhan_2020_optimal_wake,
  title={{Optimal tuning of engineering wake models through lidar measurements}},
  author={Zhan, L. and Letizia, S. and Iungo, G.V.},
  journal={Wind Energy Science},
  volume={5},
  number={4},
  pages={1601--1622},
  year={2020},
}

@article{zong_2020,
  title = {{A momentum-conserving wake superposition method for wind farm power prediction}},
  author = {Zong, H. and Porté-Agel, F.},
  journal = {Journal of Fluid Mechanics},  
  pages={A8},
  volume = {889},
  year = {2020}
}



%%-------------------- BOOKS & THESIS ----------------------%%
@techreport{hiperwind_2023_wp3,
  title={{Turbine loading and wake model uncertainty}},
  author={Ardillon, E. and Paskyabi, M.B. and Cousin, A. and Dimitrov, N. and Dupoiron, M. and Eldevik, S. and Fekhari, E. and Ferreira, C. and Guiton, M. and Jezequel, B. and others},
  year={2023},
  institution={European Union}
}

@techreport{hiperwind_2022_wp31,
  title={{Wind farm parameterization and turbulent wind box generation}},
  author={McWilliam, M. and Bonfils, N. and  Dimitrov, N. and Dou S.},
  year={2022},
  institution={European Union}
}

@book{burton_2021_wind_handbook,
  title={{Wind Energy Handbook}},
  author={Burton, T.L. and Jenkins, N. and Bossanyi, E. and Sharpe, D. and Graham, M.},
  year={2021},
  publisher={John Wiley \& Sons}
}

@techreport{jensen_1983_wake,
  title={{A note on wind generator interaction}},
  author={Jensen, N.O.},
  institution={DTU},
  year={1983},
}

@book{branlard_2017_book,
  title={{Wind turbine aerodynamics and vorticity-based methods: Fundamentals and recent applications}},
  author={Branlard, E.},
  year={2017},
  publisher={Springer}
}

@book{chakrabarti_2005_offshore_engineering,
  title={Handbook of Offshore Engineering},
  author={Chakrabarti, S. K.},
  year={2005},
  publisher={Elsevier}
}

@techreport{dnv_loads_2016,
    author      = {DNV-ST-0437},
    title       = {{DNV-ST-0437: Loads and site conditions for wind turbines}},
    institution = {Det Norske Veritas},
    year        = {2016}
}

@techreport{dnv_fatigue_2016,
    author      = {DNV-RP-C203},
    title       = {{DNV-RP-C203: Fatigue design of offshore steel structures}},
    institution = {Det Norske Veritas},
    year        = {2016}, 
}

@techreport{dnv_2013_offshore_design,
  title={{DNV-OS-J103: Design of floating wind turbine structures}},
  author={DNV-OS-J103},
  institution = {Det Norske Veritas},
  year={2013}
}

@techreport{dnv_2018_soil,
  title={{DNV-ST-0126: Support structures for wind turbines}},
  author={DNV-ST-0126},
  institution = {Det Norske Veritas},
  year={2018}
}

@book{dtu_controler_2013,
    title = "Basic DTU Wind Energy controller",
    author = "Hansen, {Morten Hartvig} and Henriksen, {Lars Christian}",
    year = "2013",
    series = "DTU Wind Energy E",
    number = "0028",
    publisher = "DTU Wind Energy",
}

@phdthesis{gionfra_2018_control,
  title={{Strat{\'e}gies de commande distribu{\'e}e pour l’optimisation de la production des fermes {\'e}oliennes}},
  author={Gionfra, N.},
  year={2018},
  school={Universit{\'e} Paris-Saclay; La Sapienza, Universit{\`a} di Roma}
}

@book{goda_2010_waves,
  title={Random seas and design of maritime structures},
  author={Goda, Y.},
  volume={33},
  year={2010},
  publisher={World Scientific Publishing Company}
}

@book{heier_2014_grid_integration,
  title={{Grid integration of wind energy: onshore and offshore conversion systems}},
  author={Heier, S.},
  year={2014},
  publisher={John Wiley \& Sons}
}

@phdthesis{holm_2009_multibody,
  title={{Nonlinear multibody dynamics of wind turbines}},
  author={Holm-J{\o}rgensen, K.},
  year={2009},
  school={Aalborg University}
}

@techreport{hiperwind_2021,
    author      = {Matteo, C. and Martin, G. and Guillaume, H. and Emricka, J. and Nikolay, K.D. and Taeseong, K. and Anaïs, L. and Christophe, P.},
    title       = {{Design brief of HIPERWIND offshore wind turbine cases: bottom fixed 10MW and floating 15MW}},
    institution = {H2020 European project HIPERWIND},
    year        = {2021}
}

@phdthesis{lovera_2019_thesis,
  title={{Cyclic lateral design for offshore monopiles in weak rocks}},
  author={Lovera, A.},
  year={2019},
  school={Universit{\'e} Paris Est}
}

@book{larsen_2007_hawc2_userguide,
  title={{How 2 HAWC2, the user's manual}},
  author={Larsen, T.J. and Hansen, A.M.},
  year={2007},
  publisher={Ris{\o} National Laboratory}
}

@phdthesis{lupton_2015_frequencyOWT,
  title={{Frequency-domain modelling of floating wind turbines}},
  author={Lupton, R.C.},
  year={2015},
  school={University of Cambridge}
}

@phdthesis{milano_thesis_2021,
  title={{Numerical prototype for floating offshore wind turbines}},
  author={Milano, D.},
  year={2021},
  school={The University of Edinburgh}
}

@book{molin_2002_hydrodynamique_structures,
  title={Hydrodynamique des structures offshore},
  author={Molin, B.},
  year={2002},
  publisher={Editions Technip}
}

@techreport{turbsim_2009,
    author = {Jonkman, B},
    year = {2009},
    title = {{Turbsim User's Guide: Version 1.50}},
    doi = {10.2172/965520},
    institution = {NREL}
}

@techreport{iec_2019,
    author= {IEC-61400-1}, 
    year = {2019},
    title = {{IEC 61400-1: Wind energy generation systems - Part 1: Design requirements}},
    institution = {International Electrotechnical Commission (IEC)}, 
}

@techreport{hiperwind_2022,
    author      = {M. Kelly and E. Vanem},
    title       = {{Environmental joint probability distributions and uncertainties}},
    institution = {H2020 European project HIPERWIND},
    year        = {2022}
}

@book{eolien_en_mer_2022,
  title={{L'éolien en mer : un défi pour la transition énergétique}},
  author={Beauregard, E. and Bérille, E. and Berrabah, N. and Berthelot, M. and Burrows, J. and Capaldo, M. and Cornet, S. and Costan, V. and Duchet, M. and Dufossé, E. and Dupont, E. and Franchet, M. and Gouze, E. and Grau, A. and Joly, A. and Kell, N. and de Laleu, V. and Latraube, F. and Lovera, A. and de Bazelaire, A.M. and Monnot, E. and Nogaro, G. and Pagot, J.P. and Pérony, R. and Peyrard, C. and Piguet, C. and Régnier, A. and Santibanez, E. and Senn, C. and Smith, C. and Soriano, F. and Stephan, P. and Terte, N. and Veyan, P. and Vizireanu, D. and Yeow, L.},
  year={2022},
  publisher={Lavoisier}
}

@techreport{veers_1988_sandia,
  title={{Three-dimensional wind simulation}},
  author={Veers, P.},
  year={1988},
  institution={Sandia National Labs., Albuquerque, NM (USA)}
}


%============================================================%
%============================================================%
%=================== UQ WIND TURBINES =======================%
%============================================================%
%============================================================%

%%------------------------ PAPERS --------------------------%%
@article{abdallah_lataniotis_2019,
    title = {{Parametric hierarchical kriging for multi-fidelity aero-servo-elastic simulators  --  Application to extreme loads on wind turbines}},
    journal = {Probabilistic Engineering Mechanics},
    volume = {55},
    pages = {67--77},
    year = {2019},
    author = {Abdallah, I. and Lataniotis, C. and Sudret, B.},
}

@article{aoues_2023,
    title = {{Estimation of probability distribution of long-term fatigue damage on wind turbine tower using residual neural network}},
    journal = {Mechanical Systems and Signal Processing},
    volume = {190},
    pages = {110101},
    year = {2023},
    author = {H. Bai and L. Shi and Y. Aoues and C. Huang and D. Lemosse},
}

@article{chen_2018_owt_diagram,
    title = {{Fatigue bending test on grouted connections for monopile offshore wind turbines}},
    journal = {Marine Structures},
    volume = {60},
    pages = {52-71},
    year = {2018},
    author = {T. Chen and X. Wang and G. Yuan and J. Liu},
}

@article{dimitrov_kelly_2018,
    author = {Dimitrov, N. and Kelly, M. and Vignaroli, A. and Berg, J.},
    year = {2018},
    pages = {767 -- 790},
    title = {{From wind to loads: wind turbine site-specific load estimation with surrogate models trained on high-fidelity load databases}},
    volume = {3},
    journal = {Wind Energy Science},
}

@article{drexler_musculus_2021,
    author = {Drexler, S. and Muskulus, M.},
    year = {2021},
    pages = {012014},
    title = {{Reliability of an offshore wind turbine with an uncertain S-N curve}},
    volume = {2018},
    journal = {Journal of Physics: Conference Series},
}

@article{huebler_gebhardt_2017,
    author = {Huebler, C. and Gebhardt, C.G. and Rolfes, R.},
    year = {2017},
    pages = {878--891},
    title = {{Hierarchical four-step global sensitivity analysis of offshore wind turbines based on aeroelastic time domain simulations}},
    volume = {111},
    journal = {Renewable Energy},
}

@inproceedings{kanner_2018_OMAE,
  title={{Maximum dissimilarity-based algorithm for discretization of metocean data into clusters of arbitrary size and dimension}},
  author={Kanner, S. and Aubault, A. and Peiffer, A. and Yu, B.},
  booktitle={International Conference on Offshore Mechanics and Arctic Engineering},
  volume={51319},
  year={2018},
}

@article{katsikogiannis_2021_owt_fatigue,
  title={{Environmental lumping for efficient fatigue assessment of large-diameter monopile wind turbines}},
  author={Katsikogiannis, G. and S{\o}rum, S.H. and Bachynski, E.E. and Amdahl, J.},
  journal={Marine Structures},
  volume={77},
  pages={102939},
  year={2021},
}

@article{graf_2016,
    author = {P.A. Graf and G. Stewart and M. Lackner and K. Dykes and P. Veers},
    title = {{High-throughput computation and the applicability of Monte Carlo integration in fatigue load estimation of floating offshore wind turbines}},
    journal = {Wind Energy},
    volume = {19},
    number = {5},
    pages = {861--872},
    year = {2016}
}

@article{huchet_mattrand_2019,
    author = {Huchet, Q. and Mattrand, C. and Beaurepaire, P. and Relun, N. and Gayton, N.},
    title = {{AK-DA: An efficient method for the fatigue assessment of wind turbine structures}},
    journal = {Wind Energy},
    volume = {22},
    number = {5},
    pages = {638--652},
    year = {2019}
}

@article{li_zhan_2020,
    title = {{Long-term fatigue damage assessment for a floating offshore wind turbine under realistic environmental conditions}},
    journal = {Renewable Energy},
    volume = {159},
    pages = {570--584},
    year = {2020},
    author = {X. Li and W. Zhang},
}

@article{muller_cheng_2018,
    author = {Müller, K. and Cheng, P.W.},
    year = {2018},
    pages = {149 -- 162},
    title = {{Application of a Monte Carlo procedure for probabilistic fatigue design of floating offshore wind turbines}},
    volume = {3},
    journal = {Wind Energy Science},
}

@article{murcia_dimitrov_2018,
    title = {{Uncertainty propagation through an aeroelastic wind turbine model using polynomial surrogates}},
    journal = {Renewable Energy},
    volume = {119},
    pages = {910-922},
    year = {2018},
    author = {J.P. Murcia and P.E. Réthoré and N. Dimitrov and A. Natarajan and J.D. Sørensen and P. Graf and T. Kim}
}

@article{slot_sorensen_2020,
    title = {{Surrogate model uncertainty in wind turbine reliability assessment}},
    journal = {Renewable Energy},
    volume = {151},
    pages = {1150 -- 1162},
    year = {2020},
    author = {Ren\'{e} M.M. Slot and John D. S\o{}rensen and Bruno Sudret and Lasse Svenningsen and Morten L. Th\o{}gersen},
}

@article{stieng_muskulus_2020,
    author = {Stieng, L. and Muskulus, M.},
    year = {2020},
    title = {{Reliability-based design optimization of offshore wind turbine support structures using analytical sensitivities and factorized uncertainty modeling}},
    journal = {Wind Energy Science},
    volume = {5},
    pages = {171--198}
}

@article{robertson_shaler_2019,
    author = {Robertson, A. and Shaler, K. and Sethuraman, L. and Jonkman, J.},
    year = {2019},
    pages = {479 -- 513},
    title = {{Sensitivity analysis of the effect of wind characteristics and turbine properties on wind turbine loads}},
    volume = {4},
    journal = {Wind Energy Science},
}

@article{schoefs_2022_reliability_marine_growth,
  title={{Reliability updating of offshore structures subjected to marine growth}},
  author={Schoefs, F; and Tran, T.B.},
  journal={Energies},
  volume={15},
  number={2},
  pages={414},
  year={2022},
}

@article{teixeira_oconnor_2017,
    author = {Teixeira, R and O’Connor, A. and Nogal, M. and Nandakumar, K. and Nichols, J.},
    year = {2017},
    pages = {951 -- 958},
    title = {{Analysis of the design of experiments of offshore wind turbine fatigue reliability design with Kriging surfaces}},
    volume = {5},
    journal = {Procedia Structural Integrity},
}

@article{teixeira_2019,
  title={{Probabilistic sensitivity analysis of offshore wind turbines using a transformed Kullback-Leibler divergence}},
  author={Teixeira, R. and O’Connor, N. and Nogal, M.},
  journal={Structural Safety},
  volume={81},
  pages={101860},
  year={2019},
}

@article{teixeira_gp_2019,
title = {{Stress-cycle fatigue design with Kriging applied to offshore wind turbines}},
journal = {International Journal of Fatigue},
volume = {125},
pages = {454--467},
author = {R. Teixeira and M. Nogal and A. O’Connor and J. Nichols and A. Dumas},
year={2019},
}

@article{verlade_kramhoft_2019,
    author = {Velarde, J. and Kramh\o{}ft, C. and S\o{}rensen, J.},
    year = {2019},
    pages = {177 -- 189},
    title = {{Global sensitivity analysis of offshore wind turbine foundation fatigue loads}},
    volume = {140},
    journal = {Renewable Energy},
}

@article{velarde_2020_fatigue_reliability,
  title={{Fatigue reliability of large monopiles for offshore wind turbines}},
  author={Velarde, J. and Kramh{\o}ft, C. and S{\o}rensen, J.D. and Zorzi, G.},
  journal={International Journal of Fatigue},
  volume={134},
  pages={105487},
  year={2020},
}

@article{wang_schar_2023_uls,
  title={{Comparison of Probabilistic Structural Reliability Methods for Ultimate Limit State Assessment of Wind Turbines}},
  author={Wang, H. and Gramstad, O. and Sch{\"a}r, S. and Marelli, S. and Vanem, E.},
  journal={ArXiv preprint arXiv:2312.04972},
  year={2023}
}


@article{wilkie_galasso_2021,
    author = {Wilkie, D. and Galasso, C.},
    year = {2021},
    pages = {102020},
    title = {{Gaussian process regression for fatigue reliability analysis of offshore wind turbines}},
    volume = {88},
    journal = {Structural Safety},
}

@article{wang_2022_owt_reliability_review,
title = {{Reliability of offshore wind turbine support structures: A state-of-the-art review}},
journal = {Renewable and Sustainable Energy Reviews},
volume = {161},
pages = {112250},
year = {2022},
author = {L. Wang and A. Kolios and X. Liu and D. Venetsanos and R. Cai},
}

@article{zwick_muskulus_2015,
    title={{The simulation error caused by input loading variability in offshore wind turbine structural analysis}},
    author={D. Zwick and M. Muskulus},
    journal={Wind Energy},
    year={2015},
    volume={18},
    pages={1421 -- 1432}
}



%%--------------- BOOKS - REPORTS - THESIS -----------------%%
@phdthesis{bos_2020,
    author = {Van den Bos, L.},
    school = {Delft University of Technology},
    year = {2020},
    title = {{Quadrature Methods for Wind Turbine Load Calculations}}
}

@phdthesis{cousin_2021,
    author = {Cousin, A.},
    year = {2021},
    school = {Institut Polytechnique de Paris},
    title = {{Optimisation sous contraintes probabilistes d'un système complexe : Application au dimensionnement d'une \'{e}olienne offshore flottante}}
}

@phdthesis{dimitrov_2013,
  title={{Structural reliability of wind turbine blades: Design methods and evaluation}},
  author={Dimitrov, N.},
  year={2013},
  school={Technical University of Denmark}
}

@phdthesis{hirvoas_2021,
    author = {Hirvoas, A.},
    year = {2021},
    school = {Universit\'{e} Grenoble Alpes},
    title = {{Development of a data assimilation method for the calibration and continuous update of wind turbines digital twins.}}
}

@phdthesis{huchet_2019,
    author = {Huchet, Q.},
    year = {2019},
    school={Universit\'{e} Blaise Pascal},
    title = {{Kriging based methods for the structural damage assessment of offshore wind turbines}},
}

@techreport{kelly_2022,
     title = {{Environmental joint probability distributions and uncertainties}},
     author = {Kelly, M. and Vanem, E.},
     group = {D2.3},
     year = {2022},
     institution = {Tech Rep. of HIPERWIND H2020 project, Grant Agreement No. 101006689, https://www.hiperwind.eu/},
}

@phdthesis{lataniotis_2019,
    author = {Lataniotis, Christos},
    school = {ETH Z\"urich},
    year = {2019},
    title = {{Data-driven uncertainty quantification for high-dimensional engineering problems}}
}

@phdthesis{petrovska_2022,
    author = {Petrovska, E.},
    year = {2022},
    title = {{Fatigue life reassessment of monopile-supported offshore wind turbine structures}},
    school={University of Edinburgh}
}




%============================================================%
%============================================================%
%============== MMD & BAYESIAN QUADRATURE ===================%
%============================================================%
%============================================================%

%%------------------------ PAPERS --------------------------%%
@article{briol_oates_2019,
    author = {Briol, F.X. and Oates, C. and Girolami, M. and Osborne, M. and Sejdinovic, D.},
    title = {{Probabilistic Integration: A Role in Statistical Computation?}},
    volume = {34},
    journal = {Statistical Science},
    number = {1},
    publisher = {Institute of Mathematical Statistics},
    pages = {1 -- 22},
    year = {2019},
}

@article{daveiga_2015,
author = {Da Veiga, S.},
title = {{Global sensitivity analysis with dependence measures}},
journal = {Journal of Statistical Computation and Simulation},
volume = {85},
pages = {1283 -- 1305},
year  = {2015},
}

@unpublished{daveiga_2021_kernel_ANOVA,
      title={{Kernel-based ANOVA decomposition and Shapley effects -- Application to global sensitivity analysis}}, 
      author={Da Veiga, S.},
      year={2021},
      HAL_ID = {hal-03108628},
      NOTE = {Preprint \url{https://hal.science/hal-03108628}},
      URL = {https://hal.science/hal-03108628},
}

@article{mak_joseph_2018,
    author = {Mak, S. and Joseph, V.R.},
    title = {{Support points}},
    volume = {46},
    journal = {The Annals of Statistics},
    pages = {2562 -- 2592},
    year = {2018},
}

@unpublished{Kanagawa_2018,
    author = {Kanagawa, M. and Hennig, P. and Sejdinovic, D. and Sriperumbudur, B.K.},
    title = {{Gaussian Processes and Kernel Methods: A Review on Connections and Equivalences}},
    note = {arXiv:1807.02582},
    year = {2018},
}

@article{oates_sullivan_2019,
  title={{A Modern Retrospective on Probabilistic Numerics}},
  author={Oates, C.J. and Sullivan, T.J.},
  journal={Statistics and Computing},
  volume={29},
  number={6},
  pages={1335--1351},
  year={2019},
}

@misc{oates_21,
    author = {Oates, Chris J.},
    title = {{Minimum Discrepancy Methods in Uncertainty Quantification}},
    year = {2021},
    note={Lecture Notes at \'{E}cole Th\'{e}matique sur les Incertitudes en Calcul Scientifique (ETICS21), \url{https://www.gdr-mascotnum.fr/etics.html}}
}

@article{ohagan_1991,
    title = {{Bayes-{H}ermite quadrature}},
    journal = {Journal of Statistical Planning and Inference},
    volume = {29},
    pages = {245-260},
    year = {1991},
    author = {A. O'Hagan}
}

@article{pronzato_2021,
  title={{Performance analysis of greedy algorithms for minimising a Maximum Mean Discrepancy}},
  author={Pronzato, L.},
  journal={Statistics and Computing},
  volume={33},
  number={14},
  year={2023},
}

@unpublished{pronzato_rendas_2021,
  TITLE = {{Validation of Machine Learning Prediction Models}},
  AUTHOR = {Pronzato, L. and Rendas, M.-J.},
  NOTE = {preprint, \url{https://hal.science/hal-03818234}},
  YEAR = {2023},
  KEYWORDS = {Model Validation ; Bayesian Quadrature ; Maximum Mean Discrepancy ; Experimental Design},
  HAL_ID = {hal-03818234},
}

@article{pronzato_zhigljavsky_2020,
    TITLE = {{Bayesian quadrature and energy minimization for space-filling design}},
    AUTHOR = {Pronzato, L. and Zhigljavsky, A.A.},
    YEAR = {2020},
    volume = {8},
    pages = {959 -- 1011},
    journal = {SIAM/ASA Journal on Uncertainty Quantification}
}

@article{sejdinovic_2013,
    author = {D. Sejdinovic and B. Sriperumbudur and A. Gretton and K. Fukumizu},
    journal = {The Annals of Statistics},
    pages = {2263--2291},
    title = {{Equivalence of distance-based and {RKHS}-based statistics in hypothesis testing}},
    volume = {41},
    year = {2013}
}

@article{sriperumbudur_2010,
    author = {Sriperumbudur, B.K. and Gretton, A. and Fukumizu, K. and Sch\"{o}lkopf, B. and Lanckriet, G.R.G.},
    title = {{Hilbert Space Embeddings and Metrics on Probability Measures}},
    year = {2010},
    volume = {11},
    journal = {Journal of Machine Learning Research},
    pages = {1517--1561},
}

@article{sriperumbudur_2012,
  author={Sriperumbudur, B.K. and Fukumizu, K. and Gretton, A. and Sch{\"o}lkopf, B. and Lanckriet, G.},
  title = {{On the empirical estimation of integral probability metrics}},
  volume = {6},
  journal = {Electronic Journal of Statistics},
  pages = {1550 -- 1599},
  year = {2012},
}

@article{szekely_rizzo_2013,
    title={{Energy statistics: A class of statistics based on distances}},
    author={Sz\'ekely, G. J. and Rizzo, M. L.},
    journal={Journal of Statistical Planning and Inference},
    volume={143},
    pages={1249 -- 1272},
    year={2013}
}

@article{shang_apley_2020,
    author = {Shang, B. and Apley, D.},
    year = {2020},
    pages = {1 -- 24},
    title = {{Fully-sequential space-filling design algorithms for computer experiments}},
    volume = {53},
    journal = {Journal of Quality Technology},
}

@article{sullivan_2020,
    title={{A Rigorous Theory of Conditional Mean Embeddings}},
    author={Klebanov, I. and Schuster, I. and Sullivan, T.J},
    journal={SIAM Journal on Mathematics of Data Science},
    volume={2},
    number={3},
    pages={583--606},
    year={2020},
}

@article{wei_2020,
    title = {{Adaptive experiment design for probabilistic integration}},
    journal = {Computer Methods in Applied Mechanics and Engineering},
    volume = {365},
    pages = {113035},
    year = {2020},
    author = {P. Wei and X. Zhang and M. Beer},
}

@inproceedings{briol_2015,
    author = {Briol, F-X and Oates, C. and Girolami, M. and Osborne, M.A},
    booktitle = {Advances in Neural Information Processing Systems},
    title = {{Frank-Wolfe Bayesian Quadrature: Probabilistic Integration with Theoretical Guarantees}},
    year = {2015}
}

@inproceedings{chen_welling_2010,
    title={{Super-samples from kernel herding}},
    author={Y. Chen and M. Welling and A. Smola},
    booktitle={Proceedings of the Twenty-Sixth Conference on Uncertainty in Artificial Intelligence},
    pages={109--116},
    year={2010},
    organization={AUAI Press}
}

@inproceedings{gretton_2006,
    author = {Gretton, A. and Borgwardt, K. M. and Rasch, M. and Sch\"{o}lkopf, B. and Smola, A.J.},
    title = {{A Kernel Method for the Two-Sample-Problem}},
    year = {2006},
    booktitle = {Proceedings of the 19th International Conference on Neural Information Processing Systems},
    pages = {513--520},
}

@inproceedings{husar_duvenaud_2012,
    author = {Husz\'{a}r, F. and Duvenaud, D.},
    title = {{Optimally-Weighted Herding is Bayesian Quadrature}},
    year = {2012},
    booktitle = {Proceedings of the Twenty-Eighth Conference on Uncertainty in Artificial Intelligence},
    pages = {377 -- 386},
    numpages = {10},
}

@inproceedings{lacoste_2015,
    title = 	 {{Sequential Kernel Herding: Frank-Wolfe Optimization for Particle Filtering}},
    author = 	 {Lacoste-Julien, S. and Lindsten, F. and Bach, F.},
    booktitle = 	 {Proceedings of the Eighteenth International Conference on Artificial Intelligence and Statistics},
    pages = 	 {544--552},
    year = 	 {2015},
    volume = 	 {38},
}

@inproceedings{motonobu_2019,
    author = {Kanagawa, M. and Hennig, P.},
    booktitle = {Advances in Neural Information Processing Systems},
    title = {{Convergence Guarantees for Adaptive Bayesian Quadrature Methods}},
    volume = {32},
    year = {2019}
}

@inproceedings{obsborne_garnett_2012,
    author = {Osborne, M. and Garnett, R. and Ghahramani, Z. and Duvenaud, D. K and Roberts, S. J and Rasmussen, C.},
    booktitle = {Advances in Neural Information Processing Systems},
    title = {{Active Learning of Model Evidence Using Bayesian Quadrature}},
    volume = {25},
    year = {2012}
}

@inproceedings{teymur_gorham_2021,
    title={{Optimal Quantisation of Probability Measures Using Maximum Mean Discrepancy}},
    author={O. Teymur and J. Gorham and M. Riabiz and C.J. Oates},
    booktitle={Proceedings of The 24th International Conference on Artificial Intelligence and Statistics},
    pages={1027 -- 1035},
    year={2021},
    volume={130},
}



%%--------------- BOOKS - REPORTS - THESIS -----------------%%
@phdthesis{briol_phd_2019,
    author = {Briol, F-X},
    school = {University of Warwick},
    year = {2019},
    title = {{Statistical computation with kernels}}
}




%============================================================%
%============================================================%
%========================= OTHER ============================%
%============================================================%
%============================================================%

%%------------------------ PAPERS --------------------------%%

@incollection{bai_1989_directional_kde,
  title = {{Kernel estimators of density function of directional data}},
  booktitle = {Multivariate Statistics and Probability},
  publisher = {Academic Press},
  pages = {24--39},
  year = {1989},
  author={Bai, Z.D. and Radhakrishna-Rao, C. and Zhao, L.C.},
}

@article{bai_1988_directional_kde,
  title={{Kernel estimators of density function of directional data}},
  author={Bai, Z.D. and Radhakrishna-Rao, C. and Zhao, L.C.},
  journal={Journal of Multivariate Analysis},
  volume={27},
  number={1},
  pages={24--39},
  year={1988},
}

@article{beer_2013_imprecise_proba,
  title={{Imprecise probabilities in engineering analyses}},
  author={Beer, M. and Ferson, S. and Kreinovich, V.},
  journal={Mechanical Systems and Signal Processing},
  volume={37},
  number={1-2},
  pages={4--29},
  year={2013},
}

@inproceedings{benard_2022_shaff,
  title={{SHAFF: Fast and consistent SHApley eFfect estimates via random Forests}},
  author={B{\'e}nard, C. and Biau, G. and Da Veiga, S. and Scornet, E.},
  booktitle = {Proceedings of The 25th International Conference on Artificial Intelligence and Statistics},
  pages={5563--5582},
  volume = {151},
  year={2022},
}

@article{borm_2003_hmat,
  title={{Introduction to hierarchical matrices with applications}},
  author={B{\"o}rm, S. and Grasedyck, L. and Hackbusch, W.},
  journal={Engineering Analysis with Boundary Elements},
  volume={27},
  number={5},
  pages={405--422},
  year={2003},
}

@article{csiszar_1964,
  title={{Eine informationstheoretische ungleichung und ihre anwendung auf beweis der ergodizitaet von markoffschen ketten}},
  author={Csisz{\'a}r, I.},
  journal={Magyer Tud. Akad. Mat. Kutato Int. Koezl.},
  volume={8},
  pages={85--108},
  year={1963}
}

@article{delozzo_2016_hsic_test,
  title={{New improvements in the use of dependence measures for sensitivity analysis and screening}},
  author={De Lozzo, M. and Marrel, A.},
  journal={Journal of Statistical Computation and Simulation},
  volume={86},
  number={15},
  pages={3038--3058},
  year={2016},
}

@article{efron_1981,
 author = {B. Efron and C. Stein},
 journal = {The Annals of Statistics},
 title = {{The Jackknife Estimate of Variance}},
 number = {3},
 volume = {9},
 pages = {586--596},
 year = {1981}
}


@article{fan_2010_feature_selection,
  title={{A selective overview of variable selection in high dimensional feature space}},
  author={Fan, J. and Lv, J.},
  journal={Statistica Sinica},
  volume={20},
  number={1},
  pages={101},
  year={2010},
}

@article{gauchy_2022_PLI,
  title={{An information geometry approach to robustness analysis for the uncertainty quantification of computer codes}},
  author={Gauchy, C. and Stenger, J. and Sueur, R. and Iooss, B.},
  journal={Technometrics},
  volume={64},
  number={1},
  pages={80--91},
  year={2022},
}

@article{glad_2007_kde_amise,
  title={{Mean-squared error of kernel estimators for finite values of the sample size}},
  author={Glad, I.K. and Hjort, N.L. and Ushakov, N.G.},
  journal={Journal of Mathematical Sciences},
  volume={146},
  number={4},
  pages={5977--5983},
  year={2007},
}

@article{hansen_2021_coco,
  title={{COCO: A platform for comparing continuous optimizers in a black-box setting}},
  author={Hansen, N. and Auger, A. and Ros, R. and Mersmann, O. and Tu{\v{s}}ar, T. and Brockhoff, D.},
  journal={Optimization Methods and Software},
  volume={36},
  number={1},
  pages={114--144},
  year={2021},
}

@article{homma_1996,
  title={{Importance measures in global sensitivity analysis of nonlinear models}},
  author={Homma, T. and Saltelli, A.},
  journal={Reliability Engineering and System Safety},
  volume={52},
  number={1},
  pages={1--17},
  year={1996},
}

@article{hoeffding_1948,
  title={{A class of statistics with asymptotically normal distributions}},
  author={Hoeffding, W.},
  journal={Annals of Mathematical Statistics},
  volume={19},
  number={3},
  pages={293--325},
  year={1948}
}

@article{iooss_2022_pli,
  title={{BEPU robustness analysis via perturbed law-based sensitivity indices}},
  author={Iooss, B. and Verg{\`e}s, V. and Larget, V.},
  journal={Proceedings of the Institution of Mechanical Engineers, Part O: Journal of Risk and Reliability},
  volume={236},
  number={5},
  pages={855--865},
  year={2022},
}

@article{jeffreys_1946,
  title={{An invariant form for the prior probability in estimation problems}},
  author={Jeffreys, H.},
  journal={Proceedings of the Royal Society of London. Series A. Mathematical and Physical Sciences},
  volume={186},
  number={1007},
  pages={453--461},
  year={1946},
}

@article{kiureghian_2009,
author    = {Der Kiureghian, A. and Ditlevsen, O.},
title     = {{Aleatory or epistemic? {D}oes it matter?}},
journal   = {Structural Safety},
year      = {2009},
volume    = {31},
number    = {2},
pages     = {105--112},
}

@article{kucherenko_2009_DGSM,
title = {{Monte Carlo evaluation of derivative-based global sensitivity measures}},
journal = {Reliability Engineering and System Safety},
volume = {94},
pages = {1135--1148},
year = {2009},
author = {S. Kucherenko and M. Rodriguez-Fernandez and C. Pantelides and N. Shah},
}

@article{kullback_1951,
  title={{On information and sufficiency}},
  author={Kullback, S. and Leibler, Richard A},
  journal={The Annals of Mathematical Statistics},
  volume={22},
  number={1},
  pages={79--86},
  year={1951},
}

@article{lamboni_iooss_2013_DGSM,
title = {{Derivative-based global sensitivity measures: General links with Sobol’ indices and numerical tests}},
journal = {Mathematics and Computers in Simulation},
volume = {87},
pages = {45--54},
year = {2013},
author = {Lamboni, M. and Iooss, B. and Popelin, A.-L. and Gamboa, F.},
}

@article{marrel_iscream_2022,
	author = {Marrel, A. and Iooss, B. and Chabridon, V.},
	title = {{The ICSCREAM methodology: Identification of penalizing configurations in computer experiments using screening and metamodel – Applications in thermal-hydraulics}},
	volume = {196},
	pages = {301--321},
	journal = {Nuclear Science and Engineering},
	year = {2022}
}

@article{mara_tarantola_2012,
  title={{Variance-based sensitivity indices for models with dependent inputs}},
  author={Mara, T. A and Tarantola, S.},
  journal={Reliability Engineering and System Safety},
  volume={107},
  pages={115--121},
  year={2012},
}

@article{morris_1991,
  title={{Factorial sampling plans for preliminary computational experiments}},
  author={Morris, M.D.},
  journal={Technometrics},
  volume={33},
  pages={161--174},
  year={1991},
}

@incollection{marelli_2014_uqlab,
  title={{UQLab: A framework for uncertainty quantification in Matlab}},
  author={Marelli, S. and Sudret, B.},
  booktitle={Vulnerability, uncertainty, and risk: quantification, mitigation, and management},
  pages={2554--2563},
  year={2014}
}

@article{matsumoto_1998,
  title={{Mersenne twister: a 623-dimensionally equidistributed uniform pseudo-random number generator}},
  author={Matsumoto, M. and Nishimura, T.},
  journal={ACM Transactions on Modeling and Computer Simulation (TOMACS)},
  volume={8},
  number={1},
  pages={3--30},
  year={1998},
}

@article{muller_1997_ipm,
  title={{Integral probability metrics and their generating classes of functions}},
  author={M{\"u}ller, A.},
  journal={Advances in applied probability},
  volume={29},
  number={2},
  pages={429--443},
  year={1997},
}

@article{nazben_2019_shapley,
  title={{Shapley effects for sensitivity analysis with dependent inputs: bootstrap and kriging-based algorithms}},
  author={Benoumechiara, N. and Elie-Dit-Cosaque, K.},
  journal={ESAIM: Proceedings and Surveys},
  volume={65},
  pages={266--293},
  year={2019},
}

@article{owen_2014_shapley,
  title={{Sobol'indices and Shapley value}},
  author={Owen, A.B.},
  journal={SIAM/ASA Journal on Uncertainty Quantification},
  volume={2},
  number={1},
  pages={245--251},
  year={2014},
}

@article{owen_prieur_2017,
  title={{On Shapley value for measuring importance of dependent inputs}},
  author={Owen, A. B. and Prieur, C.},
  journal={SIAM/ASA Journal on Uncertainty Quantification},
  volume={5},
  number={1},
  pages={986--1002},
  year={2017},
}

@article{plischke_2019_copulaGSA,
  title={{Copula theory and probabilistic sensitivity analysis: Is there a connection?}},
  author={Plischke, E. and Borgonovo, E.},
  journal={European Journal of Operational Research},
  volume={277},
  number={3},
  pages={1046--1059},
  year={2019},
}

@inproceedings{poczos_2012_copulaMMD,
author = {P\'{o}czos, B. and Ghahramani, Z. and Schneider, J.},
title = {{Copula-Based Kernel Dependency Measures}},
year = {2012},
booktitle = {Proceedings of the 29th International Conference on International Conference on Machine Learning},
pages = {1635--1642},
series = {ICML'12}
}

@article{rahman_2016,
  title={{The f-sensitivity index}},
  author={Rahman, S.},
  journal={SIAM/ASA journal on uncertainty quantification},
  volume={4},
  number={1},
  pages={130--162},
  year={2016},
}

@article{roustant_2017,
author = {O. Roustant and F. Barthe and B. Iooss},
title = {{Poincaré inequalities on intervals – application to sensitivity analysis}},
volume = {11},
journal = {Electronic Journal of Statistics},
number = {2},
publisher = {Institute of Mathematical Statistics and Bernoulli Society},
pages = {3081 -- 3119},
year = {2017},
}

@article{roy_2020_mcmc_convergence,
  title={Convergence diagnostics for Markov chain Monte Carlo},
  author={Roy, V.},
  journal={Annual Review of Statistics and Its Application},
  volume={7},
  pages={387--412},
  year={2020},
}

@unpublished{sarazin_2023,
  title={{New insights into the feature maps of Sobolev kernels: application in global sensitivity analysis}},
  author={Sarazin, G. and Marrel, A. and da Veiga, S. and Chabridon, V.},
  year={2023},
  note={HAL preprint cea-04320711}
}


@article{sobol_1993,
  title={{Sensitivity estimates for nonlinear mathematical models}},
  author={Sobol', I. M.},
  journal={Mathematical Modelling and Computational Experiments},
  volume={1},
  pages={407},
  year={1993}
}

@article{sobol_1995_DGSM,
  title={{On an alternative global sensitivity estimators}},
  author={Sobol', I. M. and Gresham, A.},
  journal={Proceedings of SAMO},
  pages={40--42},
  year={1995}
}

@article{shapley_1953,
  title={{A value for n-person games}},
  author={Shapley, L. S. and others},
  year={1953},
  publisher={Princeton University Press Princeton}
}

@article{song_2016_shapley,
  title={{Shapley effects for global sensitivity analysis: Theory and computation}},
  author={Song, E. and Nelson, B. L. and Staum, J.},
  journal={SIAM/ASA Journal on Uncertainty Quantification},
  volume={4},
  number={1},
  pages={1060--1083},
  year={2016},
}

@unpublished{sueur_2017_PLI,
  title={{Sensitivity analysis using perturbed-law based indices for quantiles and application to an industrial case}},
  author={Sueur, R. and Iooss, B. and Delage, T.},
  note={preprint, \url{https://arxiv.org/abs/1707.01296}},
  year={2017}
}



%%--------------- BOOKS - REPORTS - THESIS -----------------%%
@book{basu_2011,
  title={{Statistical inference: the minimum distance approach}},
  author={Basu, A. and Shioya, H. and Park, C.},
  year={2011},
  publisher={CRC press}
}

@book{beirlant_2006_extreme_values,
  title={Statistics of extremes: theory and applications},
  author={Beirlant, J. and Goegebeur, Y. and Segers, J. and Teugels, J.L.},
  year={2006},
  publisher={John Wiley \& Sons}
}

@incollection{baudin_dutfoy_2017,
    author =	 {M. Baudin and A. Dutfoy and B. Iooss and {A-L.} Popelin},
    title = 	 {{OpenTURNS: An industrial software for uncertainty quantification in simulation}},
    editor =	 {R. Ghanem and D. Higdon and H. Owhadi},
    publisher =    {Springer},
    booktitle = 	 {Springer Handbook on {Uncertainty Quantification}},
    pages = {2001--2038},
    year = 	 {2017}
}

@techreport{blanchard_2023,
  TITLE = {{Fiches p{\'e}dagogiques sur le traitement des incertitudes dans les codes de calcul}},
  AUTHOR = {Blanchard, J.-B. and Chocat, R. and Damblin, G. and Baudin, M. and Bousquet, N. and Chabridon, V. and Iooss, B. and Keller, M. and Pelamatti, J. and Sueur, R.},
  INSTITUTION = {{EDF}},
  YEAR = {2023},
  HAL_ID = {hal-04205632},
}

@phdthesis{carmassi_2018,
  title={{Uncertainty quantification and calibration of a photovoltaic plant model: warranty of performance and robust estimation of the long-term production}},
  author={Carmassi, M.},
  year={2018},
  school={Universit{\'e} Paris-Saclay}
}

@phdthesis{damblin_2015,
  title={{Contributions statistiques au calage et {\`a} la validation des codes de calcul}},
  author={Damblin, G.},
  year={2015},
  school={AgroParisTech}
}

@book{daveiga_iooss_2021,
    author = {Da Veiga, S. and Gamboa, F. and Iooss, B. and Prieur, C.},
    year = {2021},
    month = {01},
    title = {{Basics and Trends in Sensitivity Analysis: Theory and Practice in R}},
    publisher = {Society for Industrial and Applied Mathematics},
}

@Inbook{kucherenko_iooss_2017,
  title = {{Derivative-Based Global Sensitivity Measures}},
  author = {Kucherenko, S. and Iooss, B.},
  booktitle = {Handbook of Uncertainty Quantification},
  year={2017},
  publisher={Springer International Publishing},
  address={Cham},
  editor={Ghanem, R. and Higdon, D.and Owhadi, H.},
  pages={1241--1263},
}

@book{kurrer_2018_history_structures,
  title={{The history of the theory of structures: searching for equilibrium}},
  author={Kurrer, K.E.},
  year={2018},
  publisher={John Wiley \& Sons}
}

@book{lieurade_1982_essais_fatigue,
  title={{La Pratique des essais de fatigue -- m\'ethodes exp\'erimentales et analyse des r\'esultats}},
  author={Lieudarde, H.-P.},
  year={1982},
  publisher={Pyc \'edition}
}

@book{oberkampf_2010_VVUQ,
  title={{Verification and validation in scientific computing}},
  author={Oberkampf, W.L. and Roy, C.J.},
  year={2010},
  publisher={Cambridge university press}
}

@article{park_2009,
title = {{A simple and fast algorithm for k-medoids clustering}},
author = {Park, H. and Jun, C.},
journal = {Expert systems with applications},
pages = {3336--3341},
volume = {36},
year = {2009}
}

@book{rocquigny_2008,
    title={{Uncertainty in industrial practice: a guide to quantitative uncertainty management}},
    author={De Rocquigny, E. and Devictor, N. and Tarantola, S.},
    year={2008},
    publisher={John Wiley \& Sons}
}

@book{saltelli_2008,
  title={{Global sensitivity analysis: the primer}},
  author={Saltelli, A. and Ratto, M. and Andres, T. and Campolongo, F. and Cariboni, J. and Gatelli, D. and Saisana, M. and Tarantola, S.},
  year={2008},
  publisher={John Wiley \& Sons}
}

@book{saporta_2006,
  title={Probabilit{\'e}s, analyse des donn{\'e}es et statistique},
  author={Saporta, Gilbert},
  year={2006},
  publisher={Editions technip}
}

@book{sanders_2010_cuda,
  title={{CUDA by example: an introduction to general-purpose GPU programming}},
  author={Sanders, J. and Kandrot, E.},
  year={2010},
  publisher={Addison-Wesley Professional}
}


@article{silverman_1981,
  title={{Using kernel density estimates to investigate multimodality}},
  author={Silverman, B.W.},
  journal={Journal of the Royal Statistical Society: Series B (Methodological)},
  volume={43},
  number={1},
  pages={97--99},
  year={1981},
}

@article{schutz_1996_history_fatigue,
title = {{A history of fatigue}},
journal = {Engineering Fracture Mechanics},
volume = {54},
number = {2},
pages = {263--300},
year = {1996},
author = {Sch\"{u}tz, W.},
}

@inbook{sudret_2013_fatigue,
author = {Sudret, B.},
publisher = {John Wiley \& Sons, Ltd},
title = {{Probabilistic Design of Structures Submitted to Fatigue}},
booktitle = {Fatigue of Materials and Structures},
chapter = {5},
pages = {223--263},
year = {2013},
}

@book{sullivan_2015,
  title={{Introduction to Uncertainty Quantification}},
  author={Sullivan, T.J.},
  volume={63},
  year={2015},
  publisher={Springer}
}

@book{suresh_1998_fatigue_book,
  title={Fatigue of Materials},
  author={Suresh, S.},
  year={1998},
  publisher={Cambridge University Press}
}

@phdthesis{thunnissen_2005,
  title={{Propagating and mitigating uncertainty in the design of complex multidisciplinary systems}},
  author={Thunnissen, D. P.},
  year={2005},
  school={California Institute of Technology}
}

@book{wand_jones_1994_kde,
  title={{Kernel Smoothing}},
  author={Wand, M.P and Jones, M.C.},
  year={1994},
  publisher={CRC press}
}

@article{waskom_2021_seaborn,
  title={{Seaborn: statistical data visualization}},
  author={Waskom, M.L.},
  journal={Journal of Open Source Software},
  volume={6},
  number={60},
  pages={3021},
  year={2021}
}


%============================================================%
%============================================================%
%====================== VALIDATION PAPER ====================%
%============================================================%
%============================================================%
@InProceedings{borjir12,
  author =	 {T. Borovicka and M. Jr. Jirina and P. Kordik and M. Jirina},
  title = 	 {{Selecting representative data sets}},
  editor =	 {A. Karahoca},
  publisher =    {INTECH},
  booktitle = 	 {Advances in data mining, knowledge discovery and applications},
	pages = {43--70},
  year = 	 {2012}
}

@article{xugoo18,
title = "On Splitting Training and Validation Set: {A} Comparative Study of Cross-Validation, Bootstrap and Systematic Sampling for Estimating the Generalization Performance of Supervised Learning",
author = "Y. Xu and R. Goodacre",
year = "2018",
journal = "Journal of Analysis and Testing",
volume = "2",
pages = "249--262"}

@InProceedings{ioo21,
  author = 	 {B. Iooss},
  title = 	 {{Sample selection from a given dataset to validate machine learning models}},
  booktitle = 	 {Proceedings of 50th Meeting of the Italian Statistical Society (SIS2021)},
  pages = {88--93},
  year = 	 {2021},
  address = 	 {Pisa, Italy},
  month = 	 {june}
}

@article{josvak21,
  title={{SPlit: An optimal method for data splitting}},
  author={Joseph, V Roshan and Vakayil, Akhil},
  journal={Technometrics},
  volume={64},
  number={2},
  pages={166--176},
  year={2022},
}

@BOOK{gooben16,
    AUTHOR             = {I. Goodfellow and Y. Bengio and A. Courville},
    PUBLISHER          = {The MIT Press},
    title          = {Deep learning},
    YEAR               = {2016}
}

@BOOK{fanli06,
        AUTHOR             = {K-T. Fang and R. Li and A. Sudjianto},
        KEY                = {fanli06},
        PUBLISHER          = {Chapman \& Hall/CRC},
        TITLE              = {{Design and Modeling for Computer Experiments}},
        YEAR               = {2006}
}

@Article{kensto69,
  author = 	 {R.W. Kennard and L.A. Stone},
  title = 	 {{Computer aided design of experiments}},
  journal = 	 {Technometrics},
  volume =       {11},
  pages =        {137--148},
  year = 	 {1969}
}

@Article{sne77,
  author = 	 {R.D. Snee},
  title = 	 {{Validation of regression models: {M}ethods and examples}},
  journal = 	 {Technometrics},
  volume =       {19},
  pages =        {415--428},
  year = 	 {1977}
}

@article{sheraz17,
author = {Sheikholeslami, R. and Razavi, S.},
year = {2017},
pages = {109--126},
title = {Progressive {Latin hypercube sampling: An} efficient approach for robust sampling-based analysis of environmental models},
volume = {93},
journal = {Environmental Modelling \& Software}
}

@Article{ioobou10,
  author = 	 {B. Iooss and L. Boussouf and V. Feuillard and A. Marrel},
  title = 	 {{Numerical studies of the metamodel fitting and validation processes}},
  journal = 	 {International Journal of Advances in Systems and Measurements},
  volume =       {3},
  pages =        {11--21},
  year = 	 {2010}
}

@Article{crolae11,
  author = 	 {K. Crombecq and E. Laermans and T. Dhaene},
  title = 	 {{Efficient space-filling and non-collapsing sequential design strategies for simulation-based modelling}},
  journal = 	 {European Journal of Operational Research},
  volume =       {214},
  pages =        {683--696},
  year = 	 {2011}
}

@article{lilu17,
author = {W. Li and L. Lu and X. Xie and M. Yang},
title = {A novel extension algorithm for optimized {L}atin hypercube sampling},
journal = {Journal of Statistical Computation and Simulation},
volume = {87},
pages = {2549--2559},
year  = {2017}
}

@Article{qiaai09,
  author = 	 {P.Z.G. Qian and M. Ai and C.F.J. Wu},
  title = 	 {{Construction of Nested Space-Filling Designs}},
  journal = 	 {Annals of Statistics},
  year = 	 {2009},
  volume = 	 {37},
  pages = 	 {3616--3643},
}

@Article{qiawu09,
  author = 	 {P.Z.G. Qian and C.F.J. Wu},
  title = 	 {{Sliced space filling designs}},
  journal = 	 {Biometrika},
  year = 	 {2009},
  volume = 	 {96},
  pages = 	 {945--956},
}

@article{NogalesPR2021,
  title={{Incremental space-filling design based on coverings and spacings: improving upon low discrepancy sequences}},
  author={A. {Nogales G\'omez} and L. Pronzato and M.-J. Rendas},
  journal={Journal of Statistical Theory and Practice},
  volume={15},
  number={4},
  pages={77},
  year={2021},
}

@Article{klesar00,
  author = 	 {J.P.C. Kleijnen and R.G. Sargent},
  title = 	 {{A methodology for fitting and validating metamodels in simulation}},
  journal = 	 {European Journal of Operational Research},
  volume =       {120},
  pages =        {14--29},
  year = 	 {2000}
}

@article{NashS70,
author={Nash, J. and Sutcliffe, J.},
title={River flow forecasting through conceptual models part {I}--{A} discussion of principles},
journal={Journal of Hydrology},
volume={10},
number={3},
pages={282--290},
year={1970}
}

@book{mul07,
        author             = {W. G. M\"uller},
        publisher          = {Springer},
        title              = {Collecting Spatial Data},
        edition            = {3rd},
        year               = {2007}
}

@book{sanwil03,
        author             = {T. Santner and B. Williams and W. Notz},
        publisher          = {Springer},
        title              = {The Design and Analysis of Computer Experiments},
        year               = {2003}
}

@article{Dubrule83,
  title={Cross validation of kriging in a unique neighborhood},
  author={O. Dubrule},
  journal={Journal of the International Association for Mathematical Geology},
  volume={15},
  number={6},
  pages={687--699},
  year={1983},
}

@Article{gefant11,
  author = 	 {G. Geffraye and O. Antoni and M. Farvacque and D. Kadri and G. Lavialle and B. Rameau and A. Ruby},
  title = 	 {{CATHARE2 V2.5\_2: A single version for various applications}},
  journal = 	 {Nuclear Engineering and Design},
  volume =       {241},
  pages =        {4456--4463},
  year = 	 {2011}
}

@Article{decbaz08,
  author = 	 {A. {De Cr\'ecy} and P. Bazin and H. Glaeser and T. Skorek and J. Joufcla and P. Probst and K. Fujioka and B.D. Chung and D.Y. Oh and M. Kyncl and R. Pernica and J. Macek and R. Meca and R. Macian and F. D'Auria and A. Petruzzi and L. Batet and M. Perez and F. Reventos},
  title = 	 {Uncertainty and sensitivity analysis of the {LOFT L2-5} test: {R}esults of the {BEMUSE} programme},
  journal = 	 {Nuclear Engineering and Design},
  volume =       {12},
  pages =        {3561--3578},
  year = 	 {2008}
}

@article{wolsjo01,
title = {{PLS}-regression: a basic tool of chemometrics},
journal = {Chemometrics and Intelligent Laboratory Systems},
volume = {58},
number = {2},
pages = {109--130},
year = {2001},
author = {S. Wold and M. Sjöström and L. Eriksson}
}

@inproceedings{chen_2018_stein_points,
  title={Stein points},
  author={Chen, Wilson Ye and Mackey, Lester and Gorham, Jackson and Briol, Fran{\c{c}}ois-Xavier and Oates, Chris},
  booktitle={International Conference on Machine Learning},
  pages={844--853},
  year={2018},
  organization={PMLR}
}
