
@InProceedings{borjir12,
  author =	 {T. Borovicka and M. Jr. Jirina and P. Kordik and M. Jirina},
  title = 	 {{Selecting representative data sets}},
  editor =	 {A. Karahoca},
  publisher =    {INTECH},
  booktitle = 	 {Advances in data mining, knowledge discovery and applications},
	pages = {43--70},
  year = 	 {2012}
}

@article{xugoo18,
title = "On Splitting Training and Validation Set: {A} Comparative Study of Cross-Validation, Bootstrap and Systematic Sampling for Estimating the Generalization Performance of Supervised Learning",
author = "Y. Xu and R. Goodacre",
year = "2018",
journal = "Journal of Analysis and Testing",
volume = "2",
pages = "249--262"}

@InProceedings{ioo21,
  author = 	 {B. Iooss},
  title = 	 {{Sample selection from a given dataset to validate machine learning models}},
  booktitle = 	 {Proceedings of 50th Meeting of the Italian Statistical Society (SIS2021)},
  pages = {88--93},
  year = 	 {2021},
  address = 	 {Pisa, Italy},
  month = 	 {june}
}

@article{josvak21,
  title={{SPlit: An optimal method for data splitting}},
  author={Joseph, V Roshan and Vakayil, Akhil},
  journal={Technometrics},
  volume={64},
  number={2},
  pages={166--176},
  year={2022},
}

@BOOK{gooben16,
    AUTHOR             = {I. Goodfellow and Y. Bengio and A. Courville},
    PUBLISHER          = {The MIT Press},
    title          = {Deep learning},
    YEAR               = {2016}
}


@BOOK{fanli06,
        AUTHOR             = {K-T. Fang and R. Li and A. Sudjianto},
        KEY                = {fanli06},
        PUBLISHER          = {Chapman \& Hall/CRC},
        TITLE              = {{Design and Modeling for Computer Experiments}},
        YEAR               = {2006}
}

@Article{kensto69,
  author = 	 {R.W. Kennard and L.A. Stone},
  title = 	 {{Computer aided design of experiments}},
  journal = 	 {Technometrics},
  volume =       {11},
  pages =        {137--148},
  year = 	 {1969}
}

@Article{sne77,
  author = 	 {R.D. Snee},
  title = 	 {{Validation of regression models: {M}ethods and examples}},
  journal = 	 {Technometrics},
  volume =       {19},
  pages =        {415--428},
  year = 	 {1977}
}

@article{sheraz17,
author = {Sheikholeslami, R. and Razavi, S.},
year = {2017},
pages = {109--126},
title = {Progressive {Latin hypercube sampling: An} efficient approach for robust sampling-based analysis of environmental models},
volume = {93},
journal = {Environmental Modelling \& Software}
}

@Article{ioobou10,
  author = 	 {B. Iooss and L. Boussouf and V. Feuillard and A. Marrel},
  title = 	 {{Numerical studies of the metamodel fitting and validation processes}},
  journal = 	 {International Journal of Advances in Systems and Measurements},
  volume =       {3},
  pages =        {11--21},
  year = 	 {2010}
}

@Article{crolae11,
  author = 	 {K. Crombecq and E. Laermans and T. Dhaene},
  title = 	 {{Efficient space-filling and non-collapsing sequential design strategies for simulation-based modelling}},
  journal = 	 {European Journal of Operational Research},
  volume =       {214},
  pages =        {683--696},
  year = 	 {2011}
}

@article{lilu17,
author = {W. Li and L. Lu and X. Xie and M. Yang},
title = {A novel extension algorithm for optimized {L}atin hypercube sampling},
journal = {Journal of Statistical Computation and Simulation},
volume = {87},
pages = {2549--2559},
year  = {2017}
}

@Article{qiaai09,
  author = 	 {P.Z.G. Qian and M. Ai and C.F.J. Wu},
  title = 	 {{Construction of Nested Space-Filling Designs}},
  journal = 	 {Annals of Statistics},
  year = 	 {2009},
  volume = 	 {37},
  pages = 	 {3616--3643},
}

@Article{qiawu09,
  author = 	 {P.Z.G. Qian and C.F.J. Wu},
  title = 	 {{Sliced space filling designs}},
  journal = 	 {Biometrika},
  year = 	 {2009},
  volume = 	 {96},
  pages = 	 {945--956},
}


@article{NogalesPR2021,
  title={{Incremental space-filling design based on coverings and spacings: improving upon low discrepancy sequences}},
  author={A. {Nogales G\'omez} and L. Pronzato and M.-J. Rendas},
  journal={Journal of Statistical Theory and Practice},
  volume={15},
  number={4},
  pages={77},
  year={2021},
}
